1888 2924
140 121 193 173 eoo
337 107 497 174 nunroos
515 123 631 175 merx,

139 245 226 294 Exitio.
259 246 349 296 Passim
359 263 439 296 somno
449 247 552 312 vinoque
562 263 604 312 per
613 245 709 296 herbam

139 310 246 375 Corpora
257 313 309 360 fuse
318 313 407 368 vident,
424 313 530 360 adrectos
541 313 607 360 litore
618 327 705 366 currus,
752 335 754 338 ·

138 374 207 424 Inter
217 377 267 424 lore
277 387 384 440 rotasque
394 377 463 432 viros,
474 375 541 424 simul
553 392 623 431 erma,
630 377 718 441 jacere,

137 440 203 488 Vina
213 442 286 489 simul.
304 441 372 489 Prior
383 441 525 506 Hyrtacides
535 441 568 489 sic
579 457 617 489 ore
626 441 727 488 locutus:
761 442 812 489 319

138 503 249 570 Euryale,
261 507 396 554 audendum
405 506 495 554 dextri.
530 506 603 554 Nunc
613 505 664 570 ipsa
674 513 745 553 vocat
755 519 800 552 res.

139 569 192 618 Hae
203 570 247 617 iter
257 578 299 617 est.
331 571 376 626 Tu,
392 586 423 618 ne
433 586 480 634 qua
490 587 574 618 manus
585 587 610 618 se
620 571 730 618 adtollere
742 568 812 617 nobis

138 632 161 681 A
173 641 238 696 tergo
249 634 328 698 possit,
339 636 437 691 custodi,
449 643 473 683 et
482 636 578 684 consule
589 637 664 699 longe.

138 697 198 746 Haec
208 714 252 762 ego
263 707 328 748 rasta
339 699 409 754 debo,
419 710 443 747 et
454 700 501 747 leto
512 708 536 747 te
547 701 620 748 limite
631 701 722 748 ducein.

49 809 57 828 ‚
138 761 177 810 Sic
196 772 315 819 memorat,
336 779 462 828 vocemque
486 766 586 838 premit5
612 764 678 812 simul
697 779 753 812 ense
772 777 814 810 su*

266 829 333 877 rbum
761 831 813 878 324

137 843 296 941 numilem
307 892 448 958 adgreditur,
459 892 500 956 qui
511 894 572 942 sorte
583 893 700 958 tapetibus
711 892 765 941 eltis

138 956 277 1006 Exstrnctus
287 965 336 1006 toto
348 959 462 1022 prollabst
472 965 568 1021 pectore
578 973 698 1018 somnum

137 1021 192 1069 Rex
203 1021 273 1077 idem,
283 1030 308 1069 et
317 1022 367 1085 regi
377 1022 457 1069 Turno
468 1023 610 1085 gratissimus
621 1038 707 1086 augur:

138 1085 186 1134 Sed
197 1101 244 1132 non
256 1086 352 1148 augurio
363 1087 440 1150 potuit
450 1086 568 1151 depellere
576 1094 671 1151 pestem.

136 1150 194 1198 Tres
201 1151 271 1214 juxta
282 1151 380 1198 famulos
390 1160 478 1200 temere
488 1151 551 1200 inter
561 1153 609 1200 tela
616 1151 729 1217 jacentes,
760 1153 810 1199 329

136 1213 331 1279 Armigernmque
341 1216 411 1264 Remi
423 1216 514 1280 premit,
528 1217 678 1280 aurigamque
688 1217 732 1263 sub
741 1215 798 1278 ipsis

137 1279 229 1328 Nactus
240 1280 317 1346 equis3
333 1281 440 1346 ferroque
450 1288 514 1329 secat
525 1281 653 1345 pendentia
663 1281 736 1340 colla;

136 1343 197 1392 Turn
205 1353 276 1409 caput
286 1346 331 1410 ipsi
339 1347 415 1394 aufert
423 1345 525 1400 domino,
536 1354 691 1408 truncumque
699 1343 811 1409 relinquit

137 1407 256 1472 Sanguine
267 1409 447 1472 singultantem
463 1417 514 1456 ntro
525 1412 642 1476 tepefacta
651 1423 734 1457 eruore

136 1473 209 1520 Terra
230 1473 320 1584 thrique
346 1475 448 1521 madent.
489 1473 543 1521 Nec
565 1487 613 1522 non
635 1473 810 1538 anpmmque

254 1553 307 1584 amu
347 1552 384 1592 ue,

136 1599 168 1646 Et
174 1599 288 1662 juvenem
301 1552 434 1655 dfflrannm,
444 1599 486 1648 itte
496 1601 536 1664 qui
547 1601 648 1665 plurima
657 1609 727 1650 nocte
759 1605 809 1652 835

136 1665 244 1720 Luserat,
255 1663 352 1729 insignia
361 1665 429 1720 fecie,
440 1665 558 1729 multoque
566 1666 663 1729 jacebat

136 1729 247 1777 Membro
257 1730 310 1780 Deo
321 1729 409 1790 victus3
425 1729 489 1784 felix,
500 1730 519 1776 si
530 1739 641 1794 protenus
649 1729 716 1777 illum

135 1793 259 1858 AEqudsset
269 1795 333 1844 noeti
343 1795 433 1852 ludum,
443 1795 468 1841 in
480 1794 600 1858 lucemque
610 1793 706 1842 tulisset.

135 1859 247 1922 inpastus
257 1875 301 1908 eeu
311 1861 382 1924 plenu
390 1860 428 1908 leo
439 1875 482 1924 per
491 1860 562 1908 ovilia
571 1861 668 1907 turbem
757 1860 808 1909 339
863 1885 865 1890 ·

134 1922 238 1986 (Suadet
248 1924 311 1972 enim
322 1941 408 1973 resena
419 1924 505 1989 sames)
521 1925 657 1988 manditque
667 1923 786 1988 trahitque

135 1986 211 2035 Molle
223 2003 295 2064 pecus
305 1998 441 2054 mutumque
452 1999 531 2050 metu;
546 1990 624 2038 fremit
634 2004 675 2037 ore
686 1995 791 2038 cruento.

134 2050 188 2099 Nec
199 2067 274 2100 minor
285 2053 383 2117 Euryali
393 2056 481 2104 cedes:
498 2055 606 2104 incensus
616 2063 641 2102 et
651 2054 701 2118 ipse

135 2114 253 2176 Periurit3
269 2131 297 2164 ao
308 2117 405 2165 multam
416 2123 441 2168 in
452 2120 531 2167 medio
541 2120 591 2167 sine
602 2119 696 2167 nomine
706 2116 808 2181 plebem,

134 2179 278 2256 Fadumque,
293 2181 472 2250 Herbesumque
483 2185 553 2240 subit,
564 2184 731 2246 Rhoetumque,
741 2180 809 2292 Axi

231 2261 275 2293 nm
292 2260 329 2300 ue,

133 2305 245 2370 Ignaros;
261 2259 374 2358 quoetum
384 2308 528 2373 vigilantem,
539 2320 564 2360 et
573 2318 659 2360 cuncte
668 2309 786 2356 videntem
791 2324 800 2368 3

135 2371 181 2419 Sed
194 2377 303 2438 maguum
314 2381 419 2422 metuens
430 2389 455 2422 se
465 2384 519 2437 post
529 2372 735 2437 cratera‘tegebst5

136 2435 237 2486 Pectore
246 2440 272 2487 in
283 2439 379 2486 adverso
389 2444 465 2485 toturn
475 2439 515 2486 cui
526 2438 653 2487 domininus
663 2451 742 2484 ensem

135 2498 251 2552 Condidit
262 2501 402 2567 adsurgenti,
414 2509 438 2550 et
449 2502 522 2550 multi
531 2511 605 2550 morte
615 2501 711 2565 recepit.

133 2561 282 2626 Purpurem
297 2569 371 2616 vomit
391 2566 434 2614 ille
449 2566 558 2623 enimam,
577 2573 602 2615 et
619 2581 674 2615 curn
693 2563 808 2630 sangudue

230 2631 304 2679 mixtu
758 2633 807 2680 ³4⁹

136 2687 202 2738 Vina
212 2695 286 2744 refert
296 2697 403 2746 moriens.
436 2695 484 2746 llio
494 2697 558 2746 furto
567 2693 673 2746 fervidus
682 2697 760 2746 instat.
