1888 2924
302 129 466 196 murrone
482 128 626 192 suoru.
754 139 805 188 sor

129 255 195 307 Hinc
205 269 250 320 ope
262 253 388 310 barbarici,
399 253 515 317 variisque
526 253 644 302 Antonius
654 253 732 311 armis,
752 259 803 308 685

129 321 213 371 Victor
224 320 254 370 ab
264 319 363 369 Aurorae
375 317 467 381 populis
478 327 503 370 et
511 318 579 368 litore
589 319 669 374 rubro,

130 384 260 450 AEgyptum
270 386 376 447 viresque
387 383 491 432 Orientis
501 391 526 432 ot
536 384 617 432 ultima
627 399 705 434 secum

132 443 221 511 Bactra
228 450 291 498 vehit
296 467 304 510 5
314 449 462 513 sequiturque
470 446 562 512 (nefas)
569 447 681 514 AEgyptia
689 447 800 514 conjunx,

133 515 190 566 Uni
200 531 280 564 omues
290 530 365 570 ruere,
376 529 403 562 ac
414 522 488 562 totum
500 529 614 576 spumare,
626 514 729 570 reductis

134 579 276 630 Conuolsum
287 579 356 628 remis
364 578 488 642 rostrisque
496 579 643 634 tridentibus,
651 594 738 644 aequor.
755 583 804 630 690

134 637 192 694 Alta
203 652 299 708 petunt:
315 643 397 708 pelago
407 645 490 692 credas
500 643 583 695 innare
592 645 693 694 revolsas

136 709 260 774 Cycladas,
271 717 311 758 eut
322 717 411 757 montes
421 723 560 772 concurrere
570 709 688 758 montibus
698 709 771 771 altos3

136 775 212 887 {enti
223 773 283 823 mole
293 773 337 822 viri
349 773 436 822 turritis
447 773 566 837 puppibus
577 772 672 822 instant.

138 839 347 966 smplillf‘lrli
355 838 768 968 ltlllttllttilt‘ttll.

180 969 235 1032 gius
244 969 270 1016 iu
281 969 362 1017 mediis
373 968 449 1033 patrio
459 976 528 1017 vocat
538 966 632 1032 agmina
642 967 724 1028 sistro;
759 970 806 1018 696

140 1033 252 1083 Necdum
262 1035 332 1082 etiam
340 1034 443 1098 geminos
454 1050 469 1081 a
479 1041 545 1096 tergo
555 1031 650 1096 respicit
660 1047 755 1096 angues.

141 1098 345 1162 Omuigeuumque
356 1096 434 1148 Deum
445 1106 554 1152 monam,
565 1105 589 1146 et
599 1097 694 1146 lanctor
704 1095 805 1151 Anubis,

143 1162 233 1213 Contra
241 1163 379 1226 Neptunum
387 1171 411 1212 et
419 1163 536 1212 Venerem
542 1169 668 1226 contraque
675 1161 809 1210 Minervam

142 1227 201 1275 Tela
212 1235 298 1276 tenent.
326 1227 397 1274 sevit
408 1227 484 1274 medio
494 1227 520 1275 in
528 1227 655 1274 certamine
665 1227 762 1274 Mavors

144 1291 246 1342 celatus
257 1293 327 1347 ferro,
335 1291 457 1356 tristesque
467 1307 496 1338 ex
506 1291 593 1338 aetbere
604 1290 684 1352 Dirae5
761 1292 809 1338 tor

145 1356 179 1407 Et
189 1356 257 1406 scissa
266 1357 372 1420 gaudens
381 1356 446 1404 vadit
457 1355 581 1404 Discordia
591 1354 653 1418 pult
659 1372 668 1415 ;

146 1421 225 1480 Quam
235 1437 288 1470 cum
299 1421 426 1485 sanguineo
436 1420 540 1483 sequitur
550 1419 649 1468 Bellona
659 1417 758 1482 flagello.

145 1486 230 1535 Actius
240 1487 290 1536 haec
300 1501 398 1535 cerneus
408 1501 489 1535 arcum
498 1485 636 1534 intendebat
645 1484 732 1550 Apollo

146 1551 269 1615 Desuper:
285 1551 360 1600 omnis
370 1565 399 1598 eo
409 1558 496 1600 terrore
507 1549 632 1616 AEgyptus,
642 1557 667 1600 et
678 1549 742 1615 tnui,
763 1547 812 1599 705

146 1617 230 1666 Omnis
239 1616 324 1672 Arabs,
334 1631 414 1666 omnes
423 1617 547 1666 vertebant
556 1625 623 1680 terga
632 1615 716 1664 Sabaei.

146 1681 161 1732 I
213 1682 337 1732 ridebatur
346 1682 422 1731 ventis
432 1681 513 1744 regina
522 1682 611 1729 vocatis

146 1698 209 1797 llil:
219 1748 283 1804 dare,
293 1758 318 1796 et
327 1747 391 1795 laxos
398 1747 449 1811 jam
457 1747 553 1810 jamque
563 1743 680 1792 inmittere
688 1743 763 1790 iuna.

146 1811 216 1860 lllnm
226 1812 288 1860 iuter
297 1813 373 1860 caedes
383 1811 508 1874 pallentem
519 1815 593 1856 morte
604 1807 682 1854 iuturi

147 1875 246 1924 Fecerat
255 1876 388 1940 ignipotens
399 1875 468 1923 undis
479 1880 503 1921 et
512 1873 605 1936 Iapyge
615 1870 671 1918 ferri
677 1886 685 1930 5
764 1870 814 1918 rto

147 1939 237 1988 Contra
248 1947 326 1988 cutem
336 1955 421 2003 magno
431 1943 565 1986 maerentem
575 1949 672 2000 corpore
682 1933 773 1990 Nilum,

148 2003 341 2068 Pandentemque
352 2003 423 2058 sinus,
434 2010 458 2050 et
468 2002 516 2050 tort
525 2009 590 2048 veste
599 2005 721 2050 vocantem

78 2083 80 2090 ‘
149 2067 283 2118 Caeruleuur
293 2068 319 2116 in
328 2067 447 2131 gremium,
455 2067 614 2130 latebrosaque
625 2065 729 2120 fiumina,
736 2063 818 2114 victos.

148 2132 183 2183 At
194 2134 280 2187 Caesar,
291 2131 377 2195 triplici
386 2132 491 2180 invectus
501 2131 611 2179 Romana
620 2131 737 2194 triumpho

150 2199 250 2254 Moeuio,
261 2197 308 2247 Dis
319 2197 386 2244 Italis
395 2203 476 2244 votum
486 2196 609 2244 inmortale
619 2195 733 2248 sacrabat,
770 2192 819 2241 ⁷15

149 2264 266 2313 Maxumo
275 2269 405 2311 tercentum
415 2268 488 2310 totam
498 2261 597 2309 delubra
606 2276 649 2326 per
655 2259 753 2310 Urbem.

150 2327 244 2380 lauet
254 2328 361 2392 ludisque
371 2326 415 2375 viae
426 2325 555 2392 plausuque
564 2325 710 2388 fremebant3

152 2395 268 2444 Omnibus
278 2393 303 2442 in
314 2393 406 2458 templis
417 2399 516 2440 matrum
527 2392 620 2445 chorus,
631 2385 739 2436 omnibus
749 2399 811 2448 πως

150 2458 216 2508 Ante
225 2475 277 2508 aras
286 2467 372 2508 terrem
383 2457 437 2508 caesi
447 2465 548 2506 stravere
556 2453 661 2520 juvenci.

152 2521 216 2587 Ipse,
226 2527 309 2574 redens
319 2525 387 2573 niveo
397 2522 520 2578 candentis
529 2520 609 2570 limine
620 2513 712 2569 Phoebi,
772 2515 821 2565 72⁰

151 2587 223 2640 Dona
232 2589 376 2656 recognoscit
385 2589 532 2656 populorum,
543 2590 654 2702 aptqtque
665 2577 771 2648 superbis
