1878 2930
316 116 520 169 GEORGICON
538 115 596 168 L'm.
609 118 631 168 1.
781 121 814 172 43

134 240 251 292 inmundi
260 240 388 288 meminere
399 256 451 289 sues
459 241 550 304 jactare
559 239 690 304 maniplos.
764 245 814 289 400

133 308 170 358 At
187 306 284 356 nebule
304 305 377 369 magis
394 305 443 352 ime
462 314 554 368 petunt,
573 320 704 371 campoque
722 311 813 354 recum·

147 425 150 430 ,
235 371 297 418 bunt
303 389 311 432 3

133 435 198 486 Solis
209 441 235 482 et
245 451 354 484 occssnm
365 449 459 482 servans
470 433 501 482 de
511 435 611 484 culmine
623 450 713 484 summo

135 499 309 564 Nequidquam
321 514 383 547 seros
394 507 489 547 exercet
499 508 584 548 noctua
594 509 685 549 centus.

134 565 247 630 Adparet
259 565 348 628 liquido
359 563 462 612 sublimis
472 561 500 610 in'
509 563 563 611 sire
573 564 653 622 Nisus,

135 631 171 681 Et
183 645 228 694 pro
238 644 359 694 purpureo
369 643 451 692 poenss
462 628 504 675 dat
514 627 593 692 Scylla
603 629 701 694 capillo:
766 629 815 678 405

137 695 295 758 Quacumque
304 694 344 741 illa
353 694 429 743 levem
441 691 534 756 lugiens
544 701 606 741 secat
616 697 705 744 aetlrere
715 692 808 758 pennis,

137 759 204 808 Ecce
216 759 332 814 inimicus,
343 767 418 814 atron
428 773 514 821 mngno
526 757 624 806 stridore
635 775 677 822 per
688 774 756 808 aures

137 824 278 886 Insequitur
289 825 375 873 Nisus:
392 839 439 888 que
449 839 474 871 se
485 823 531 870 lert
542 821 615 870 Nisus
625 824 654 870 sd
665 839 740 878 aures,

138 889 192 936 llle.
199 889 276 936 levem
286 889 379 953 fugiens
389 887 475 952 ruptim
486 896 550 936 secet
560 887 649 936 ethera
659 887 749 950 pennis.

137 953 202 1001 Tum
213 953 313 1016 liquidus
323 953 389 1002 corvi
399 968 477 1017 presso
488 961 524 1000 ter
535 959 630 1016 gutture
641 967 710 1000 voces
767 955 816 1002 410

139 1017 192 1066 Aut
203 1026 287 1081 qnater
296 1018 458 1081 ingeminant3
473 1027 498 1066 et
509 1033 571 1081 saepe
582 1015 699 1065 cubilibus
709 1016 768 1072 eltis.

140 1083 231 1131 Nescio
241 1083 288 1148 qul
299 1091 385 1146 praeter
396 1083 487 1130 solitum
498 1081 625 1131 dulcedine
635 1081 690 1138 laeti,

141 1147 211 1196 Inter
221 1164 247 1195 se
258 1148 319 1208 soliis
330 1148 469 1212 strepitant3
481 1147 551 1211 juvet
560 1146 674 1196 imbribus
686 1145 744 1194 sctis

140 1211 284 1274 Progeniem
295 1229 392 1276 parvum
403 1211 530 1274 dulcesque
540 1211 642 1259 revisere
652 1211 726 1258 nidos.

142 1275 220 1324 Haud
230 1277 338 1339 equidem
348 1277 428 1332 credo,
438 1276 495 1340 quis
504 1277 535 1323 sit
544 1275 657 1323 divinitus
667 1275 713 1323 illis
770 1277 817 1324 41⁵

143 1339 279 1403 Ingenium,
290 1351 331 1390 sut
342 1357 420 1390 rerum
431 1341 480 1388 feto
491 1341 618 1404 prudentia
627 1341 717 1404 major:

143 1405 243 1460 Verum,
255 1406 295 1453 nbi
305 1414 432 1470 tempestus
443 1414 467 1454 et
478 1406 530 1454 coeli
541 1405 632 1454 mobilis
644 1406 728 1454 humor

142 1468 272 1518 Mutavere
282 1470 339 1526 vias,
350 1479 375 1518 et
384 1470 495 1532 luppiter
507 1471 591 1520 uvidus
602 1469 686 1518 nmtris

142 1534 249 1646 Deuset,l
260 1543 329 1582 erunt
343 1549 395 1598 quae
408 1549 462 1581 rura
475 1534 552 1589 modo,
569 1542 601 1590 et,
616 1551 669 1598 qum
685 1535 766 1590 deuse,
782 1548 818 1580 re-

250 1607 319 1660 exut3
769 1602 818 1647 419

141 1663 277 1712 Vertuntur
287 1662 377 1727 species
388 1663 525 1721 animorum,
536 1672 561 1712 et
571 1671 666 1728 pectore
677 1672 754 1712 motus

143 1727 170 1776 N
172 1743 218 1775 unc
230 1729 294 1784 ulios,
306 1729 370 1784 alios,
381 1729 438 1778 dum
449 1729 530 1777 nubile
540 1738 624 1777 ventus
635 1729 726 1792 agebat,
769 1764 772 1774 .

143 1792 304 1856 Concipiunt:
321 1793 377 1842 hinc
388 1793 427 1842 ille
439 1794 516 1842 avium
527 1800 655 1842 concentus
664 1793 690 1838 in
702 1792 770 1856 egris,

145 1857 179 1906 Et
190 1858 250 1906 laetae
262 1859 373 1922 pecudes,
383 1866 408 1906 et
418 1868 514 1907 ovantes
525 1865 619 1922 gutture
630 1857 701 1904 corvi.

177 1923 203 1970 Si
213 1938 271 1970 vero
281 1923 354 1971 solem
364 1923 395 1970 ed
406 1923 515 1986 rapidum
526 1923 646 1986 lunasque,
658 1928 779 1986 sequentes

145 1987 247 2043 Ordine,
258 1988 377 2052 respicies.
388 2003 516 2052 numquam
526 1996 550 2035 te
561 1986 662 2036 crastina
673 1987 740 2045 fallet
771 1988 818 2037 425

145 2052 221 2108 Hora,
231 2067 311 2115 neque
321 2052 412 2100 insidiis
421 2053 497 2101 noctis
506 2053 600 2116 cupiere
611 2068 706 2102 serente.

145 2116 224 2173 Luna,
234 2116 379 2166 revertentes
389 2134 463 2181 quum
473 2117 574 2180 primum
585 2117 681 2182 conligit
692 2117 764 2182 ignes,

144 2181 170 2229 si
183 2182 277 2246 nigrum
288 2183 563 2244 obscuroconpreuderit
573 2183 628 2230 a'e'rs
638 2199 719 2238 cornu,

143 2247 275 2294 Maxumus
287 2247 393 2311 agricolis
404 2247 533 2312 pelagoque
543 2247 665 2310 parabitur
674 2248 755 2295 imber.

143 2310 187 2366 At,
198 2312 217 2360 si
228 2312 362 2376 virginemn
374 2311 497 2360 suffuderit
507 2326 548 2360 ore
558 2313 674 2367 ruborem,
762 2312 820 2366 ‚430

145 2376 239 2427 Ventus
250 2377 312 2438 erit;
326 2384 398 2426 vento
409 2393 499 2440 semper
507 2377 577 2424 rubet
587 2391 659 2425 aurea
668 2374 765 2424 Phoebe

146 2440 189 2490 Sin
199 2451 254 2489 ortu
264 2449 350 2504 questo
360 2441 473 2506 (numque
483 2443 502 2489 is
513 2441 653 2490 certissimus
664 2435 758 2498 auctor)

145 2504 219 2561 Pure,
230 2521 309 2569 neque
320 2506 408 2554 obtusis
419 2523 461 2570 per
471 2505 556 2555 coelum
566 2506 676 2552 cornibus
685 2501 737 2555 ibit,

146 2569 220 2619 'l'otus
230 2580 257 2620 et
267 2571 307 2620 ille
318 2567 377 2628 dies,
389 2572 463 2638 etqui
473 2576 599 2620 nascentur
611 2568 640 2615 ab
651 2566 691 2616 illo
