1878 2930
294 111 499 164 Guoufflcort
514 111 572 162 Lus.
584 111 621 164 IL
761 119 794 166 ³9

118 242 171 291 Aut
179 237 227 286 ilh
238 233 320 299 penori
329 235 445 290 fiendum,
455 243 497 282 sut
505 235 637 300 paumbns
647 237 742 286 umbras

119 304 263 360 sufficiunt;
279 315 411 363 apumque
420 299 484 355 satis,
494 309 519 350 et
528 303 614 365 pobula
624 301 694 352 melli.
745 306 794 354 436

120 372 153 420 Et
159 371 233 434 juvat
243 365 374 412 undantes
384 365 449 412 buxo
459 373 563 428 mouture
573 367 697 431 Cytorum,

119 433 283 498 Naryciusque
293 428 352 492 picis
362 429 438 490 lucos3
450 429 520 492 juvat
530 447 586 479 srva
595 433 677 481 videre

121 501 180 550 Non
190 496 280 550 rastris,
290 494 411 542 bominum
421 509 471 541 non
481 495 523 542 ulli
532 497 633 546 obnoxia
642 513 712 548 oure.

121 565 185 628 lpoe
196 559 314 611 Caucasio
324 560 412 607 steriles
421 560 449 607 in
460 560 547 608 vertice
556 561 627 618 ulvae,
744 567 796 612 444]

122 631 189 688 Qua
199 624 300 674 animosi
310 623 369 672 Euri
379 625 478 672 sdndne
487 625 645 692 franguntque
655 629 789 692 feruntque,

121 695 191 745 Daui
201 692 261 739 alios
271 689 323 738 uliae
334 690 410 750 fetuum
425 691 486 737 dunt
496 690 553 738 utile
563 691 650 754 liguum

122 757 232 822 Navigiis
242 754 319 820 pinos,
328 754 437 805 domibus
445 755 589 818 oedrumque
598 771 770 824 cupressosque.

122 824 189 872 Hinc
198 821 279 870 radios
288 819 375 868 trivere
384 820 447 875 rotis.
458 819 515 868 hinc
524 828 639 885 tympana
649 822 756 886 plaustris

122 887 250 952 Agdcolae,
260 893 286 934 et
295 885 387 948 pandus
398 885 487 933 ratibus
498 901 596 949 posuere
607 887 705 936 winus
748 893 797 940 445

121 953 261 1003 viminibus
270 951 353 998 salices
362 950 477 1006 fecunde,
487 951 611 998 stondibus
621 950 691 999 trimi:

121 1018 157 1074 At
167 1025 259 1082 myrtus
268 1014 354 1063 validis
363 1015 491 1071 hastilibus,
501 1023 527 1063 et
536 1017 600 1064 bona
609 1015 671 1064 bello

124 1083 233 1142 Cornus;
249 1081 351 1130 tureos
360 1079 409 1127 taxi
419 1088 558 1144 torquentur
566 1081 592 1129 in
604 1095 679 1130 arous-

123 1149 179 1196 Nec
189 1147 247 1196 tilia)
258 1146 321 1194 leves
331 1152 373 1193 aut
384 1153 452 1193 torno
461 1145 530 1194 rasile
541 1148 631 1194 buxum
751 1149 799 1195 449
825 1167 832 1180 ·

124 1213 183 1262 Nou
194 1213 294 1260 formam
305 1209 435 1274 adupiunt,
446 1210 554 1274 ferroque
564 1218 679 1259 cavantur
690 1217 766 1259 acuto.

124 1277 180 1326 Neo
190 1291 239 1324 non
251 1283 276 1323 et
285 1283 412 1324 torrentem
423 1275 511 1322 undum
522 1274 579 1324 levis
590 1276 683 1323 innatet
693 1274 769 1331 alnus,

124 1342 203 1392 Missa
213 1341 296 1400 Pado;
312 1355 357 1388 noc
367 1355 416 1387 nou
426 1347 451 1388 et
461 1355 517 1403 apes
526 1341 636 1389 exarniua
646 1340 752 1389 condunt

125 1407 306 1470 corticibusque
315 1405 380 1453 cavis
390 1405 523 1468 vitiouque
532 1406 592 1454 ilicis
603 1406 677 1454 alveo.
751 1407 800 1454 45³

126 1472 192 1530 Quid
202 1471 381 1520 memorandum
391 1487 457 1535 eque
468 1471 587 1520 Baccheia
597 1473 660 1520 dona
670 1471 790 1521 tulerunt?

126 1537 237 1586 Bocchus
248 1543 273 1584 et
283 1535 315 1583 ud
325 1535 420 1598 culpem
429 1551 522 1584 caussas
532 1538 612 1586 dedit:
629 1537 667 1585 ille
678 1537 783 1586 furentes

126 1602 260 1650 Centauros
271 1600 318 1648 leto
329 1599 427 1655 domuit,
438 1599 597 1665 Rhoetumque
607 1602 764 1666 Pholumque.

127 1665 162 1716 Et
171 1682 257 1730 mogun
267 1665 380 1730 Hylaeum
391 1665 496 1728 lapithis
505 1675 595 1715 cratm
605 1666 741 1714 minonem.

160 1731 183 1780 Ο
195 1732 328 1778 fortunatos
337 1730 442 1786 nimium,
453 1731 524 1778 suasi
534 1732 598 1780 bonu
607 1729 695 1785 norint,

127 1795 264 1858 Agricolas!
280 1795 367 1860 quibua
378 1795 436 1859 ipsa,
446 1795 526 1858 procul
537 1794 684 1843 discordibus
695 1793 771 1848 armis,

127 1859 399 1909 Fundithumolacilem
407 1859 710 1924 victumjustissimatellus.
752 1859 803 1909 460

128 1925 155 1974 si
166 1942 215 1974 non
225 1926 347 1989 ingentem
357 1924 446 1972 foribus
456 1925 539 1973 domus
550 1924 598 1972 altu
608 1924 715 1988 superbis

127 1991 206 2038 Mane
216 1990 360 2038 salutantum
370 1989 426 2036 totis
435 1989 508 2038 vomit
518 1989 609 2038 aedibus
619 1991 725 2053 undam3

129 2054 157 2104 N
157 2071 185 2103 oc
196 2056 273 2104 varios
282 2055 377 2102 initient
386 2053 483 2118 pulchri
494 2053 612 2102 testudine
623 2063 708 2118 mutue

129 2119 270 2185 Inlusasque
281 2135 339 2168 auro
348 2127 434 2175 vestes,
443 2118 612 2184 Ephyreiuque
621 2135 683 2184 πτας

128 2185 194 2234 Alba
205 2201 283 2251 neque
293 2183 391 2248 Assyrio
401 2185 494 2232 lucatur
504 2185 559 2232 lana
567 2199 668 2243 veneno,
755 2180 805 2233 465

129 2250 157 2300 N
158 2267 186 2300 ec
197 2251 261 2298 casii
268 2250 352 2314 liquidi
362 2249 523 2313 conrumpitur
533 2265 588 2298 usus
598 2249 669 2300 olivi:

129 2315 166 2364 At
176 2331 260 2365 secura
269 2315 345 2380 quies,
356 2323 381 2362 et
391 2313 469 2364 nucia
479 2313 561 2362 fallere
570 2314 627 2370 vita,

130 2380 208 2429 Divos
217 2397 292 2445 opum
302 2380 435 2441 variarum
451 2389 475 2428 st
485 2379 537 2427 latis
544 2379 592 2428 otia
602 2378 691 2433 fundis,

131 2445 267 2510 Spelunca,
277 2444 373 2508 vivique
383 2444 460 2506 laous;
476 2452 500 2492 ut
510 2444 597 2508 frigida
603 2443 702 2505 Tempe,

131 2509 289 2576 Mugitnsque
300 2511 380 2565 bouuu
390 2510 517 2572 mollesque
527 2510 570 2556 sub
581 2508 664 2554 urbore
675 2501 758 2557 somni»

130 2574 191 2624 Nou
202 2577 304 2637 absunt3
319 2574 368 2622 illic
379 2575 450 2622 saltos
457 2589 485 2622 ac
496 2574 569 2620 lustru
579 2571 689 2622 lucrum,
761 2567 809 2622 471

130 2639 165 2690 Et
175 2640 271 2706 potiens
279 2655 387 2705 operum,
398 2639 530 2704 exiguoque
541 2631 786 2696 sufflatujuventuu
