1878 2930
142 138 160 183 4
323 123 583 182 Buconcmcs.
595 123 632 175 11.

44 276 45 280 ¹
144 251 251 304 Dumna
262 253 365 320 paudere
376 250 458 314 procul
470 250 501 298 de
511 263 571 314 rupe
581 248 681 298 videbo:

145 319 258 368 Carmina
266 318 332 366 nulla
342 331 425 364 csnsm
431 334 440 377 3
454 326 512 370 non',
522 331 561 364 me
568 323 688 379 pascente,
697 313 804 380 capellae,

144 385 277 434 Florentem
287 382 388 448 cytisum
398 389 422 430 et
433 379 514 430 salices
525 379 626 445 carpetis
637 395 734 430 amaru.

419 509 545 544 rrrrnus.

144 576 193 628 Hic
203 585 282 625 tamen
292 569 355 624 hanc
364 591 456 624 mecum
467 583 560 640 poteras
570 575 715 653 requiescere
724 582 819 623 noctem

146 643 240 692 Fronde
251 656 321 706 super
331 641 407 688 viridi.
433 641 494 690 Sunt
503 641 572 688 nobis
582 649 648 688 mins
658 656 736 705 poma,
785 645 818 690 ut

146 708 269 757 Castanea
279 705 368 760 molles,
379 714 403 754 et
414 706 487 771 pressi
497 705 567 768 copia
576 705 643 756 lactis
649 724 657 766 ς

146 771 179 820 Et
186 772 237 836 jam
247 787 336 819 summa
346 771 428 835 procul
437 770 546 818 villarum
557 771 661 820 culmina
671 771 764 818 fumant
770 788 787 832 ;v

145 836 296 902 Majoresque
305 837 395 886 cadunt
405 835 457 883 altis
467 835 499 882 de
506 835 628 905 'montibus
638 836 733 885 umbra.

385 1028 523 1081 EcnoGA
539 1032 575 1080 11.

445 1162 530 1210 Am

144 1287 298 1343 Foarsosurs
309 1300 389 1358 partor
399 1291 513 1356 Corydon
524 1291 623 1340 ardebat
632 1291 728 1349 Alexin,

146 1357 251 1406 Delicias
261 1358 364 1416 domini3
380 1372 432 1411 nec,
442 1356 500 1420 quid
510 1364 621 1420 speraret,
633 1357 742 1406 habebat.

145 1423 248 1472 Tantum
258 1422 321 1470 inter
331 1421 423 1474 densas,
433 1419 543 1466 umbrosa
553 1421 682 1478 cacumina,
693 1423 759 1487 fagos

145 1485 253 1535 Adsidue
263 1484 388 1544 veniebat3
403 1484 437 1530 ihi
447 1485 498 1531 haec
509 1483 631 1532 incondita
641 1487 708 1535 solus

145 1548 377 1600 Montibusetsilvis
388 1547 466 1596 studio
473 1547 580 1612 jactabat
591 1549 669 1600 inani:
802 1555 819 1603 5

178 1616 201 1664 Ο
212 1614 315 1663 crudelis
324 1612 401 1669 Alexi,
411 1613 472 1660 nihil
479 1629 532 1662 mea
542 1615 647 1663 carmina
656 1615 741 1664 curas?

146 1680 193 1730 Nil
200 1679 273 1728 nostri
283 1679 405 1727 miserere?
421 1679 480 1727 mori
491 1695 528 1728 me
539 1679 641 1745 denique
652 1695 728 1744 coges.

146 1745 219 1794 Nunc
229 1745 299 1794 etiam
310 1745 413 1809 pecudes
423 1744 517 1799 umbras
526 1751 551 1792 et
561 1745 648 1808 frigora
657 1751 755 1810 captant
761 1764 769 1808 5
871 1787 876 1796 ,

147 1811 220 1859 Nunc
230 1811 317 1859 virides
326 1809 397 1858 etiarn
408 1810 526 1858 occultant
537 1809 630 1874 spineta
639 1811 738 1860 lacertos
744 1830 753 1874 5
847 1803 855 1822 '

146 1875 263 1940 'Iliestylis
273 1885 298 1924 et
308 1875 391 1938 rapido
401 1876 467 1923 fecis
477 1876 615 1924 messoribus
625 1883 684 1924 mstu
785 1881 819 1926 10

145 1938 210 1988 Allia
220 1941 393 2006 serpyllumque
404 1942 489 1988 herbas
498 1940 622 1989 contundit
632 1940 734 1988 olentes:

145 2003 179 2054 At
190 2021 280 2054 mecum
291 2006 374 2061 raucis,
385 2015 427 2054 tua
437 2007 495 2054 dum
504 2005 602 2070 vestigia
612 2005 693 2061 lustro,

146 2069 199 2118 Sole
210 2071 254 2119 sub
265 2071 357 2118 ardenti
366 2079 477 2119 resonant
487 2071 583 2118 arbusta
592 2070 686 2118 cicadis.

145 2135 234 2186 Nonne
244 2135 289 2183 suit
299 2136 378 2190 satius,
389 2135 465 2183 tristes
472 2134 625 2200 Amaryllidis
635 2135 682 2182 iras

144 2199 229 2266 Atque·
234 2201 336 2265 superba
346 2200 395 2264 pati
402 2200 509 2248 fastidia?
520 2213 599 2247 nonne
608 2199 753 2247 Menalcan?
787 2202 819 2250 15

146 2267 259 2323 Quamvis
269 2265 308 2314 ille
318 2265 393 2330 niger,
403 2265 510 2327 quamvis
519 2273 546 2312 tu
556 2264 672 2312 candidus
682 2278 751 2312 essa.

146 2331 168 2379 0
181 2332 280 2379 formose
291 2345 357 2393 puer,
368 2329 466 2376 nimium
477 2344 508 2376 ne
518 2329 589 2377 crede
599 2329 678 2377 colori.

145 2393 208 2443 Alba
217 2397 314 2460 ligustra
323 2395 420 2447 cadunt,
428 2393 535 2441 vaccinia
545 2393 613 2456 nigra
622 2393 739 2457 leguntur.

145 2459 278 2523 Despectus
288 2459 331 2508 tibi
341 2475 400 2513 sum,
411 2471 464 2510 nec,
475 2459 516 2520 qui
527 2457 578 2512 sim,
589 2459 681 2522 quaeris,
691 2455 762 2506 Alexi
771 2475 779 2518 ;

146 2525 224 2582 Quam
235 2526 301 2572 dives
311 2521 409 2588 pecoris,
419 2521 482 2568 nivei
492 2537 562 2588 quam
570 2521 637 2570 lactis
647 2522 779 2570 abundans.

146 2588 215 2636 Mille
226 2605 283 2638 meae
294 2587 377 2636 Siculis
386 2595 467 2634 emant
476 2586 502 2634 iu
513 2587 631 2634 montibus
639 2601 713 2650 agne.
785 2591 815 2636 21

146 2651 195 2702 Lac
206 2654 262 2705 mihi
273 2669 322 2702 non
331 2658 412 2704 astate
422 2665 576 2708 novamen
586 2651 673 2718 frigore
680 2651 746 2708 defit.
