1888 2924
313 139 478 192 mundos
494 143 550 192 Lss.
562 144 608 193 Vi.
751 149 801 195 213

121 263 164 312 -slt
175 253 292 314 domitiam
303 265 367 314 Ditis
378 265 480 314 thalamo
491 266 609 315 deducere
620 265 703 314 adorti

128 331 188 390 Qum
200 341 281 380 ooutra
291 331 393 380 breviter
403 331 452 378 fata
463 339 498 378 est
508 331 652 396 Amphrysia
661 339 739 379 retest

126 395 152 442 N
155 396 206 444 ulie
217 395 256 446 hic
262 396 357 444 insidiae
368 395 441 454 tales;
457 394 542 442 absiste
552 396 654 444 moveri:

126 459 152 507 N
153 476 180 509 ec
190 461 237 509 vim
248 462 296 509 tela
306 462 386 508 ferunt
392 479 400 521 ;
416 460 470 506 iicet
478 460 560 522 ingens
565 460 654 523 janitor
664 466 732 508 antro
748 463 796 506 400

124 522 248 574 AEternum
259 527 346 574 latrans
356 539 484 588 exsangues
495 531 582 572 terreat
592 526 700 586 umbrasp

120 587 198 637 vasta
207 591 262 638 licet
273 589 350 653 patrui
362 598 437 636 servet
448 589 589 652 Proserpina
599 589 676 637 limen.

123 653 210 702 Troius
221 653 314 708 AErsees,
326 654 412 716 pietate
422 654 519 716 insignis
530 660 554 700 et
564 652 641 709 armis,

122 716 163 765 Ad
176 719 304 782 genitorem
315 719 371 765 imas
382 719 455 766 Erebi
464 717 586 766 descendit
597 718 629 764 ad
638 717 739 765 umbras.

123 780 149 828 si
161 793 183 832 te
196 783 260 830 nulia
271 790 348 831 movet
358 791 430 831 tantas
441 782 534 846 pietatis
544 782 627 846 Imago,
745 783 793 830 405

123 845 158 893 At
168 861 258 895 sernum
269 848 332 896 hunc
342 847 432 912 (aperit
442 859 533 895 ramum
543 846 582 910 qui
593 854 658 894 veste
669 844 768 907 latebat)

118 905 266 975 Adgnoscas.
293 913 392 961 'sumtus
402 929 432 960 ex
442 911 476 960 iri
486 921 537 959 tuus
548 911 620 960 corda
630 910 743 958 residunt.

121 974 148 1023 N
149 991 177 1024 sc
187 977 255 1040 plura
266 977 308 1024 bis.
336 977 381 1025 Ille
392 977 510 1025 admirans
520 975 654 1024 venerabile
664 975 753 1022 donum

121 1039 208 1089 Fatalis
218 1042 297 1105 virgae,
309 1042 378 1106 longo
388 1048 441 1104 post
450 1049 556 1106 tempore
566 1041 649 1094 visum,
744 1041 792 1086 409

121 1103 253 1154 Caeruleam
264 1107 365 1154 advertit
374 1105 481 1170 puppim,
493 1107 596 1169 ripaeque
608 1103 756 1169 propinquat.

118 1168 184 1216 dude
195 1170 251 1218 alias
261 1170 357 1225 animas,
368 1185 420 1234 quas
430 1185 473 1234 per
479 1171 539 1246 juga
549 1171 619 1232 longa
629 1168 749 1222 sedebant,

120 1233 247 1289 Deturbat,
258 1235 366 1297 laxatque
377 1235 453 1293 foros;
468 1235 536 1282 asmul
547 1235 636 1296 adcipit
646 1233 713 1280 alveo
783 1263 786 1270 ·

117 1297 246 1360 <Ingentem
255 1296 355 1345 AEnsan.
382 1297 480 1346 Gemuit
489 1299 533 1346 sub
544 1299 649 1361 pondere
659 1295 745 1361 cymba

120 1361 209 1417 Sutilis,
219 1369 244 1410 et
254 1361 350 1410 multam
362 1362 455 1426 adcepit
466 1362 551 1410 rimosa
560 1362 676 1426 paludem.
741 1364 791 1409 414

119 1427 226 1476 Tandem
234 1435 298 1476 tram
305 1427 402 1474 fluvium
409 1426 531 1475 incolumia
538 1434 661 1490 vatemque
668 1426 791 1491 virumque

119 1492 220 1541 Imormi
229 1492 285 1540 mo
295 1492 421 1557 grauesque
432 1477 529 1556 explere
538 1491 564 1539 in
574 1493 634 1540 utve

153 1556 270 1606 Cerberus
281 1558 332 1606 bsec
342 1557 424 1620 iugens
435 1557 521 1605 latratu
532 1572 605 1620 regna
614 1556 708 1604 trifauci

117 1620 241 1677 Personat,
252 1621 350 1670 adverso
359 1621 474 1670 recubans
484 1623 585 1670 inmanis
594 1623 620 1669 in
632 1629 714 1682 antro;

120 1685 166 1734 Cui
176 1695 249 1741 vates,
260 1688 354 1735 horrere
363 1686 447 1734 sidens
454 1687 505 1750 jam
515 1686 576 1734 colla
585 1685 694 1738 colubris,

119 1749 194 1799 Melle
203 1759 335 1815 soporatam
345 1759 369 1799 et
379 1751 499 1798 medicatis
510 1750 617 1812 frugibus
627 1749 698 1795 oliam
740 1749 790 1798 420

119 1814 217 1879 objicit.
244 1816 289 1864 Ille
300 1817 361 1863 same
372 1815 455 1862 rabida
464 1815 510 1861 tris
520 1821 615 1876 guttura
625 1813 732 1875 pendens

119 1878 229 1943 Comtpit
238 1881 363 1944 objectum,
373 1886 444 1942 atque
455 1877 559 1928 inmanis
568 1884 636 1939 terga
645 1876 739 1924 resolvit

114 1943 194 1990 'Fusus
206 1945 278 1999 humi,
288 1951 384 2006 totoque
394 1943 477 2005 ingens
488 1940 623 1989 extenditur
633 1949 708 1990 anno.

115 2007 229 2069 ¹Occupat
238 2007 325 2055 AEuees
335 2007 424 2054 adituro
435 2007 531 2054 comode
541 2005 641 2070 sepulto,

118 2071 252 2146 Evaditque
263 2071 325 2118 celer
334 2071 409 2134 ripam
419 2069 575 2118 inremeabilis
585 2071 664 2118 unde.
739 2069 787 2121 425

152 2135 271 2184 Continuo
282 2135 367 2183 audites
377 2134 551 2198 mesuagium
562 2144 587 2183 et
596 2135 686 2199 iugens,

118 2199 287 2264 Insantumque
298 2199 382 2246 animas
392 2199 481 2254 flentes,
491 2200 517 2246 in
528 2199 607 2248 limine
617 2201 708 2264 primo;

118 2265 183 2322 Quos
194 2265 269 2312 dulcis
278 2265 333 2312 vites
343 2272 453 2319 exsortes,
463 2272 488 2312 et
497 2265 528 2312 ab
537 2265 610 2314 ubere
619 2273 705 2329 raptos,
780 2299 781 2304 ,

113 2329 223 2378 'Abstulit
233 2337 284 2377 atra
294 2327 351 2384 dies,
362 2335 387 2376 et
397 2329 480 2378 sunere
490 2331 571 2377 mersit
580 2330 671 2378 acerbo.

118 2394 169 2441 Hos
176 2395 247 2459 juxte
257 2394 316 2442 falso
326 2394 432 2442 damnati
441 2394 539 2442 crimina
548 2395 636 2442 mortis.
739 2391 789 2438 430

119 2458 173 2506 Nec
183 2475 239 2507 vero
249 2460 286 2508 bae
298 2459 348 2506 sine
358 2465 420 2508 sorte
430 2460 500 2515 datm,
510 2460 562 2508 sine
569 2457 659 2523 judice,
670 2454 744 2502 sedes.

119 2523 238 2579 Quaesitor
246 2524 328 2572 Minos
338 2539 420 2571 urnam
430 2530 524 2583 moset3
538 2521 579 2570 ille
589 2521 698 2568 silentum

119 2585 297 2652 conciliumque
306 2597 383 2645 vocat,
392 2588 499 2652 vitesque
510 2594 535 2635 et
545 2584 643 2634 crimina
653 2581 729 2629 discit.

113 2650 232 2700 »Proxima
240 2653 327 2702 deinde
338 2660 420 2704 teuent
430 2652 505 2701 nessi
514 2651 574 2705 locs,
585 2647 626 2713 qai
636 2646 681 2696 sibi
690 2646 763 2694 letum

778 2799 913 2890 A
