1898 2934
133 124 181 172 144
318 115 480 166 AENEIDOS
496 115 552 166 Lus.
565 112 616 166 111.

133 240 220 290 Clausa
230 241 319 296 domus,
330 255 467 303 mensasque
478 248 542 290 metu
553 239 641 306 liquere
651 241 747 304 priores.

132 305 231 353 Tristius
241 306 306 353 heud
316 305 361 353 illis
371 314 508 361 monstrum,
518 321 563 354 nec
574 307 655 356 savior
666 306 714 354 ulle

133 369 210 418 Pestis
220 377 245 418 et
254 369 290 418 irs
301 369 380 419 Deflm
390 370 478 436 Stygiis
489 385 539 419 sese
550 371 632 419 extulit
643 371 720 418 undis.
755 374 806 420 215

132 434 241 498 Virginei
251 434 373 483 volucrum
383 436 467 490 voltus,
479 436 604 483 ioedissime
614 436 702 483 ventris

131 498 262 613 groiuvies,
272 515 385 564 unoaeque
396 515 486 555 manus,
496 509 521 548 et
531 499 620 564 pallide
630 505 721 565 semper

156 579 184 611 re
194 565 263 612 fame.

166 628 221 676 Huc
233 628 273 676 ubi
283 629 355 677 deleti
365 637 447 694 portus
456 629 602 683 intravimus,
609 643 665 678 ecce

131 691 200 740 laete
209 694 280 742 boum
290 695 375 758 passim
385 695 474 758 campis
485 701 591 742 armenta
601 693 714 750 videmus,
753 695 802 742 220

132 751 338 824 caprigenumque
349 775 428 823 pecus,
438 759 503 807 nullo
514 759 618 814 custode,
629 775 673 824 per
684 757 775 808 herbas.

133 820 252 872 Inruimus
263 825 333 880 ferro,
343 835 368 874 et
379 825 453 872 Divos
464 824 586 888 ipsumque
596 839 706 873 vocamus
806 863 809 870 .

131 885 164 934 In
175 897 265 952 partem
277 891 425 952 predamque
435 890 526 945 Jovem.
553 889 614 936 Tum
625 889 692 937 litore
702 903 775 938 curvo

131 950 324 1019 Exstruimueque
335 963 404 1010 toros,
415 953 561 1018 dapibusque
572 953 694 1018 epulamur
704 952 794 1020 opimis.

131 1015 166 1064 At
177 1019 258 1068 subitae
269 1020 378 1069 horrifico
389 1019 455 1081 lapsu
466 1019 496 1068 de
507 1019 626 1067 montibus
637 1020 723 1067 adsunt
754 1019 806 1067 225*

130 1081 254 1148 Harpyia,
265 1093 289 1132 et
300 1084 389 1148 rnegnis
398 1083 508 1148 quetiunt
518 1083 665 1148 clangoribus
676 1085 732 1140 ales,
798 1105 801 1110 ·

131 1145 300 1214 Diripiuntque
311 1151 391 1214 depes,
401 1157 557 1214 contactuque
567 1149 646 1197 omnia
656 1149 747 1197 ioedant

131 1211 266 1275 lurnund03
280 1223 332 1262 tum
342 1230 388 1261 vox
399 1219 484 1262 tetrum
496 1215 548 1263 dire
557 1214 619 1262 inte?
629 1215 732 1264 odorem.

130 1275 235 1326 Rursum
245 1280 271 1328 in
282 1295 372 1330 secessu
383 1279 454 1343 longo
465 1280 508 1327 sub
518 1295 578 1344 rupe
589 1279 679 1335 cerati,

129 1342 260 1392 Arboribus
270 1344 343 1392 clausi
353 1343 441 1392 circum
452 1353 522 1409 atque
533 1345 681 1393 horrentibus
692 1343 787 1398 umbris,
802 1389 804 1394 .

129 1406 270 1456 Instruimus
280 1423 379 1463 mensas,
390 1409 482 1470 arisque
492 1409 626 1472 reponimus
636 1409 722 1472 ignem.
752 1411 800 1457 231

130 1469 235 1518 Rursum
245 1487 275 1520 ex
285 1473 378 1520 diverso
387 1471 440 1518 cmii
450 1472 564 1534 csecisque
575 1472 670 1519 latebris

129 1533 210 1582 Turba
220 1549 305 1582 sonans
316 1536 420 1598 praedem
431 1535 530 1596 pedibus
541 1535 692 1582 circumvolet
704 1535 770 1583 uncis
776 1553 784 1596 ς

129 1597 218 1649 Polluit
227 1613 268 1646 ore
279 1600 359 1662 dapes.
384 1597 458 1649 Sociis
467 1606 532 1652 tunc,
543 1613 607 1646 mma
617 1607 748 1662 capessent,
797 1621 801 1640 ι

129 1661 311 1719 minuerent
323 1661 409 1711 bellurn
419 1678 473 1710 cum
484 1669 554 1726 gente
564 1664 701 1726 gerendum.
752 1665 800 1714 235

128 1726 202 1776 Haud
213 1745 278 1778 secus
288 1744 316 1776 ec
323 1726 383 1792 jussi
394 1727 491 1782 ibelunt,
502 1734 622 1792 tectosque
633 1743 676 1792 per
687 1727 784 1778 herbam
799 1759 801 1764 π

128 1791 266 1858 Disponunt
276 1809 350 1850 enses,
362 1799 386 1842 et
397 1801 462 1840 scuta
472 1791 570 1841 latentis
579 1793 691 1841 condunt

127 1856 193 1922 Ergo
205 1860 246 1907 ubi
256 1861 358 1924 delapsa
369 1857 471 1908 sonitum
481 1872 524 1922 per
533 1871 606 1905 curve
616 1859 704 1906 dedere

127 1921 217 1979 Litore,
227 1925 269 1972 dat
280 1925 371 1988 signum
382 1924 476 1987 speculi
487 1922 594 1970 Misenus
605 1921 635 1970 ab
646 1923 693 1972 elta

126 1979 184 2033 AEre
195 2003 260 2038 cavo.
288 1988 410 2038 Invadunt
420 1987 484 2043 socii,
492 1996 517 2036 et
528 2001 590 2036 nova
600 1988 682 2051 proelia
693 1995 794 2044 tentant,

128 2048 249 2100 Obscenae
259 2052 335 2117 pelagi
347 2053 409 2101 ferro
420 2052 632 2102 foedarevolucres.
751 2059 798 2104 241

39 2156 41 2162 s
126 2111 175 2162 Sed
186 2131 263 2180 neque
273 2118 321 2166 vim
332 2115 416 2180 plumis
427 2118 505 2174 uilem,
517 2132 561 2165 nec
572 2118 669 2167 volnera
679 2128 745 2183 tergo

125 2177 273 2244 Adcipiuut3
289 2182 406 2244 celerique
416 2183 473 2248 fugi
481 2182 527 2231 sub
538 2183 615 2231 sidere
625 2183 695 2247 lapsae
749 2193 755 2206 '
793 2201 797 2210 ¹

126 2243 244 2295 Semesam
255 2248 358 2311 pradum
370 2255 393 2294 et
403 2249 501 2312 vestigia
511 2247 575 2295 foede
584 2247 726 2312 relinquunt.

126 2311 184 2360 Una
192 2311 218 2360 in
229 2311 338 2376 praecelsi
348 2313 455 2360 consedit
464 2327 524 2376 rupe
535 2312 639 2366 Ceiaeno,
751 2309 799 2361 245

126 2375 215 2426 Infelix
227 2386 299 2433 vetes,
309 2375 443 2440 rumpitque
454 2378 515 2424 banc
526 2385 620 2438 pectore
630 2391 725 2424 vocem:

159 2442 253 2492 Bellum
261 2444 332 2492 etism
343 2455 385 2504 pro
396 2443 461 2490 cade
471 2442 542 2488 boum
550 2442 674 2504 stratisque
681 2441 799 2506 juvencis,

124 2502 341 2563 Leomedontiedae,
352 2505 468 2554 bellumne
478 2506 566 2553 inferre
576 2506 671 2570 paretis,

125 2568 159 2618 Et
170 2574 246 2634 patrio
257 2572 376 2638 Harpyias
386 2571 489 2620 insontes
500 2569 587 2636 pellere
597 2571 686 2636 regno?
751 2575 800 2626 949

126 2633 238 2701 Adcipite
249 2656 313 2706 ergo,
325 2637 408 2688 animis
418 2644 488 2704 etque
499 2639 550 2686 hec
560 2652 613 2688 mea
625 2639 688 2702 figite
699 2636 777 2688 dicta:
