1898 2934
142 135 190 181 nc
338 126 499 179 uuumos
515 129 615 182 nav.
716 201 719 207 Ι

140 253 173 300 Et
183 251 284 317 clipeum
294 251 373 300 efferri
380 251 458 317 jussit,
468 253 625 319 Didymaonis
635 261 705 314 artes,

140 317 250 381 Neptuni
260 332 325 366 sacro
336 317 427 365 Danais
437 319 468 366 de
479 328 546 383 poste
556 321 667 368 reflruna-
761 326 814 374 360

140 382 194 432 Hoc
201 384 314 447 juvenem
323 383 442 446 egregium
453 385 572 447 prestanti
582 400 679 434 munere
690 386 769 434 donat.

172 447 237 502 Post,
248 448 289 496 nbi
299 447 401 496 confecti
410 463 499 504 cursus,
510 457 534 498 et
545 449 608 497 dona
618 450 721 514 peregitr

139 511 166 562 N
167 528 221 568 uuo,
231 512 251 560 oi
262 511 301 560 cni
310 512 392 569 virtus,
403 513 538 579 animusque
548 515 574 562 in
584 524 680 580 pectore
690 531 800 580 praesens,

139 575 218 632 Adsit,
229 585 254 625 et
262 577 362 626 evinctis
373 579 470 626 adtollat
478 581 575 628 brachio
585 581 673 643 palmis.

139 640 178 689 Sic
189 642 230 696 ait,
240 650 265 689 et
275 642 393 707 geroium
404 659 489 708 pugno
500 647 611 710 proponit
620 647 747 709 honorem3
762 649 812 696 365

139 705 231 756 Victori
241 708 343 757 velatum
354 723 411 756 auro
421 709 531 773 vittisque
538 711 668 774 juvencum
677 729 684 772 3

140 769 236 828 Ensem,
247 781 318 839 atque
327 773 442 837 insignem
453 774 550 836 gneum,
561 775 644 823 aotam
652 777 723 825 victo.

139 835 194 886 Nec
204 854 283 902 mora3
299 839 412 889 continuo
421 839 493 886 vastia
503 853 557 886 oum
567 839 656 888 viribus
666 841 736 888 effert

139 901 190 950 Ora
200 903 286 960 Daras,
295 917 427 967 magnoque
435 902 512 950 virdm
522 917 548 950 se
558 905 763 966 murmuratorum

139 965 207 1016 Solus
216 971 258 1032 qui
268 969 378 1018 Paridem
389 967 470 1014 solitus
479 969 623 1016 contendere
633 977 729 1029 contru;
761 973 810 1018 3⁷0

139 1029 848 1098 Idemqueadmodumquomcxumuaoocubnrlector,‚
936 1033 937 1054 ³

138 1095 260 1148 Victorem
270 1096 450 1147 Buteninmani
459 1111 564 1160 corpora,
574 1098 615 1162 qui
626 1113 651 1146 aa

138 1161 257 1228 Bebrycii
267 1162 364 1212 veniens
375 1161 464 1237 Amyci
472 1161 503 1209 de
514 1169 584 1226 gente
594 1163 693 1219 ferebat,

139 1225 251 1286 Perculit,
261 1235 287 1276 et
296 1227 361 1276 fulvi
371 1227 537 1276 monbundom
547 1229 654 1276 extendit
664 1229 742 1277 areni.

138 1291 202 1340 Talis
212 1294 290 1358 prima
299 1293 375 1342 Dares
385 1299 457 1356 capnt
464 1293 541 1341 altrum
551 1293 577 1340 in
587 1293 670 1358 proclia
680 1294 747 1350 tollit,
763 1293 811 1342 3⁷5

139 1356 415 1423 Ostenditquehmneros
425 1357 490 1413 latos,
502 1359 638 1424 alternaque
646 1359 721 1424 jactat

139 1420 243 1471 Brachia
253 1424 404 1486 protendens,
414 1431 439 1470 et
448 1423 558 1471 verberat
567 1424 652 1472 ictibus
662 1439 737 1472 aaran

139 1485 260 1543 Quaeritur
271 1487 325 1534 huic
336 1487 407 1534 alius:
419 1502 464 1534 nec
474 1489 597 1552 quisquam
604 1506 634 1537 ex
644 1489 737 1552 agmine
744 1494 811 1536 tanto

138 1548 222 1598 Audet
232 1550 298 1598 edire
308 1551 392 1606 virum,
402 1551 557 1616 manibusque
566 1554 679 1601 inducere
689 1559 773 1600 castus.

139 1613 204 1677 Ergo
216 1614 306 1669 alacris,
316 1624 459 1680 cunctosque
469 1625 556 1680 putans
566 1618 679 1668 excedere
690 1617 778 1681 palmi,

139 1675 221 1727 ΕΜ
231 1679 297 1730 stetit
304 1687 361 1729 anta
371 1681 459 1744 pcdea;
473 1697 518 1730 nec
529 1683 598 1747 pluro
607 1689 717 1737 moratus,
761 1686 809 1732 381

138 1742 199 1792 'lium
209 1745 271 1794 lava
280 1752 374 1793 taurum
385 1760 459 1794 cornu
469 1754 542 1804 tenet,
553 1755 623 1812 atquc
632 1746 666 1794 ita
677 1746 754 1796 fatur:

138 1808 165 1859 N
166 1817 205 1858 ata
215 1810 277 1866 Dea,
288 1810 307 1858 si
318 1826 387 1860 nemo
398 1812 470 1860 audet
480 1814 611 1860 recredere
621 1827 715 1876 pugne,

139 1873 200 1931 Qua
211 1875 265 1923 finis
276 1876 366 1925 nandi?
382 1892 429 1941 quo
440 1891 478 1924 mo
488 1878 557 1924 decet
567 1891 639 1940 usquc
650 1876 742 1924 teneri?

139 1937 235 1986 Ducere
245 1941 309 1988 dona
315 1941 384 2004 jube.
412 1942 499 1992 Cuncti
510 1942 577 1989 simui
587 1955 628 1989 ore
640 1941 772 1990 fremebant

139 2001 293 2058 Dardanidae,
304 2005 420 2068 reddique
429 2007 481 2054 viro
491 2005 603 2070 promissa
615 2007 734 2054 'ubebaut.
763 2008 811 2055 386

139 2065 188 2114 Hic
199 2067 275 2128 gravis
286 2067 406 2118 Entellum
417 2071 486 2118 dictis
496 2070 594 2136 castigat
603 2025 708 2127 Acestes,
732 2084 737 2100 ¹

139 2129 270 2178 Proxumus
281 2138 307 2178 nt
316 2131 434 2182 viridante
444 2142 495 2183 toro
506 2137 644 2184 consederat
654 2138 747 2186 herbe:

139 2194 240 2250 Entella,
252 2196 349 2243 heroum
359 2200 478 2261 quondam
490 2201 615 2249 fortissimo
626 2203 720 2256 frastra,

138 2261 246 2309 Tantane
256 2269 305 2308 tam
316 2261 409 2323 potiens
418 2264 484 2312 nullo
495 2266 622 2313 certamine
633 2265 683 2312 tolli
762 2263 811 2310 ³90

140 2326 212 2375 Dona
223 2325 299 2374 aines?
314 2325 355 2372 ubi
365 2341 430 2375 nunc
441 2329 508 2376 uobis
519 2329 577 2376 deus
588 2329 635 2384 iile,
646 2327 755 2390 magister

140 2390 307 2456 Nequidquam
312 2400 459 2446 mamorsnn.
465 2391 547 2456 Eryx?
558 2393 599 2439 ubi
604 2394 667 2440 famu
672 2405 810 2454 peromnem

138 2455 291 2514 Trinacriam,
301 2463 326 2504 et
335 2455 410 2520 spolio
418 2455 459 2502 ills
469 2457 515 2503 tuis
526 2455 654 2519 pendentia
664 2455 747 2504 tectis?

140 2519 186 2567 Ille
197 2522 240 2569 sub
250 2524 313 2572 haec:
333 2521 390 2570 Non
401 2520 476 2568 iendis
487 2534 559 2576 amor,
570 2535 615 2568 nec
627 2520 701 2584 gloria
711 2521 780 2570 cessit

141 2581 214 2632 Pulsa
223 2595 301 2654 ωιτη
316 2587 359 2640 sed
368 2587 431 2638 eoin
442 2585 533 2651 gelidus
542 2586 653 2636 tardante
660 2587 754 2636 renecti
764 2589 812 2636 395
