1888 2924
322 125 487 178 AEttsmos
504 127 561 176 Lis.
571 125 619 180 VI.
765 135 812 186 295

136 251 198 309 Quis
207 249 309 301 Gneeu
321 267 402 318 genus,
414 259 455 298 eut
464 250 577 314 geruinus,
585 251 634 298 duc
641 251 741 303 fulmins
749 257 812 313 belli,

111 320 116 327 '
136 315 265 380 Sdpiedm,
273 317 364 366 cledem
376 317 467 380 Libye,
479 329 598 378 parvoque
608 323 729 378 petentem

136 381 276 436 Fabricium,
287 383 325 430 vel
336 390 360 430 te
371 381 444 434 sulco,
455 379 563 434 Serrene,
573 381 705 430 serentem?
761 389 810 435 845

135 445 191 502 Quo
201 448 287 494 8888888
296 447 387 510 rapitis,
399 444 481 492 Fabii?
497 454 524 492 tu
535 443 665 494 Maxumus
672 446 712 495 ille
722 463 756 504 es,

134 511 203 560 Unus
212 512 253 576 qui
264 512 332 559 nobis
342 511 477 558 cunctando
487 508 590 558 restituis
599 524 656 558 rem.

134 574 261 624 Excudent
270 576 310 622 elii
321 575 434 639 spirende
444 573 536 622 mollius
546 588 602 629 ere,

134 639 213 688 Credo
223 641 342 704 equidem,
351 640 417 687 vivos
428 640 516 687 ducent
526 638 557 686 de
568 653 682 688 numere
693 641 783 703 voltus;

134 705 246 754 orabunt
254 719 347 754 8888888
357 704 448 758 melius,
458 703 557 767 celique
568 709 658 751 mestus
759 711 809 759 350

132 768 277 818 Describent
286 771 361 825 tudio,
371 777 396 818 et
406 769 526 832 surgentis
536 767 614 816 sidere
624 769 719 818 dicem:
798 779 801 786 '

132 833 169 880 Tu
181 849 262 898 regere
272 834 371 898 imperio
381 834 488 899 populos,
500 834 617 888 Romane,
628 842 759 896 memenlo;

132 897 179 946 He
191 899 234 948 tibi
244 909 314 948 erunt
324 907 400 959 ertes5
416 899 527 963 pacisque
538 898 653 960 inponere
663 913 759 954 morem,

132 961 233 1013 Parcere
243 965 363 1030 subjectis,
373 973 398 1012 et
409 963 527 1012 debellare
537 962 657 1026 superbos.
759 968 808 1016 854

164 1027 202 1078 Sic
213 1038 281 1093 peter
291 1029 415 1084 Anchises,
426 1037 496 1092 seque
507 1030 559 1078 hec
568 1027 706 1076 mirantibus
718 1029 796 1078 eddits

130 1089 243 1157 Adspice,
254 1103 280 1142 ut
289 1094 387 1157 insignis
397 1093 477 1157 spoliis
488 1092 616 1142 Marcellus
626 1092 710 1157 opimis
726 1153 730 1161 ⁸

129 1157 276 1220 Ingreditur,
286 1160 407 1224 victorque
418 1159 479 1206 viros
489 1156 647 1222 supereminet
656 1159 748 1206 omnes!

130 1221 179 1270 Hie
190 1237 240 1270 rem
251 1223 393 1278 Remanent,
403 1237 488 1284 magno
498 1222 609 1270 turbante
619 1223 730 1277 tumultu,

130 1284 209 1341 sistet,
220 1302 291 1350 eques
299 1295 387 1336 sternet
397 1287 491 1342 Penus,
502 1285 644 1350 durumque
655 1287 774 1342 rebellem,

128 1351 255 1416 Tectisque
265 1363 331 1400 ersus
341 1351 403 1416 petri
413 1352 541 1414 suspendet
551 1357 621 1414 cepte
631 1350 739 1409 Quirino.
757 1355 806 1401 888

93 1427 98 1440 ·
128 1415 210 1480 Atque
221 1415 260 1466 hic
270 1417 361 1466 AEnees
367 1435 375 1478 ;
391 1417 551 1480 unicumque
562 1415 598 1464 ire
608 1413 705 1465 videbat

128 1480 257 1546 Egregium
268 1481 343 1530 sormi
350 1482 463 1547 juvenem
474 1489 499 1530 et
510 1479 654 1544 fulgentibus
664 1480 750 1543 ermis3

129 1546 176 1594 Sed
187 1550 252 1596 frons
262 1548 317 1598 lete
327 1561 418 1612 perum,
429 1555 453 1596 et
464 1547 557 1612 dejecto
567 1546 657 1594 lumine
667 1547 747 1596 voltus

128 1611 195 1668 Quis,
205 1621 280 1677 peter,
290 1613 338 1669 ille,
348 1613 425 1662 virum
436 1613 476 1677 qui
487 1612 521 1660 sic
531 1612 656 1660 comitetur
666 1614 777 1662 euntem?

16 1719 22 1728 .
127 1675 207 1734 Filius,
218 1695 280 1736 enne
290 1679 375 1744 uliquis
383 1677 469 1742 megnl
479 1678 510 1727 de
520 1677 594 1740 stirpe
604 1691 635 1724 ue
666 1677 732 1726 tum?
752 1679 807 1727 eds

127 1741 175 1798 Qut
183 1744 293 1807 strepitus
301 1743 364 1792 circu
371 1743 495 1792 comitum!
511 1749 626 1808 quentum
643 1749 707 1789 nster
714 1742 740 1789 in
750 1742 801 1804 ipso

127 1869 174 1918 Sed
186 1871 210 1919 N
211 1809 304 1920 dessign-e
314 1879 386 1936 ceput
396 1837 459 1918 tristi
467 1866 620 1917 circumvolet
630 1867 719 1916 umbri.

125 1933 187 1982 Tum
198 1944 266 1998 peter
276 1937 398 1990 Anchises,
409 1934 510 1982 lacrimis
520 1932 637 1995 ingressus
647 1931 747 1982 obortis:

127 1997 150 2045 0
162 2006 224 2054 nete,
235 2000 355 2064 ingentem
366 2000 454 2047 luctum
465 2013 496 2045 ne
506 2011 585 2062 quere
595 2005 704 2058 tuorum

127 2062 261 2111 Ostendent
272 2065 339 2112 terris
349 2065 413 2112 husie
424 2069 515 2110 tentum
525 2062 581 2117 sete,
589 2077 666 2126 neque
675 2063 736 2112 ultre
751 2068 800 2114 870
893 2119 900 2130 ,

126 2126 184 2176 Esse
195 2127 279 2176 sinent.
307 2128 413 2176 Nimium
423 2126 490 2174 vobis
500 2126 610 2176 Remeue
620 2143 724 2192 propago

124 2192 185 2241 Vise
195 2202 285 2257 potens,
298 2192 389 2256 Superi,
400 2191 496 2256 proprie
506 2192 557 2244 haec
568 2192 588 2240 si
599 2193 778 2242 decessissent.

125 2257 233 2320 Quentos
243 2259 283 2307 ille
293 2257 369 2306 virssm
379 2271 488 2321 megnsm
498 2255 614 2304 Mavortis
625 2259 656 2306 ed
668 2257 749 2306 urbem

125 2322 228 2388 Campus
239 2331 294 2388 eget
303 2322 415 2388 gemitus!
431 2321 470 2370 vel
481 2334 540 2385 que,
551 2321 669 2376 Tiberine,
679 2321 771 2368 videbis

124 2387 225 2444 Funere,
235 2405 307 2454 quum
317 2387 432 2436 tumulum
443 2387 606 2452 praeterlabere
613 2385 745 2435 recentem!

124 2451 177 2503 Nec
188 2469 248 2517 puer
258 2453 332 2503 Iliecd
341 2454 463 2520 qnisquam
475 2454 505 2500 de
516 2461 586 2515 gente
597 2451 695 2498 Latinos
749 2453 797 2500 876

123 2515 155 2564 In
166 2524 256 2567 tentum
267 2535 309 2584 spe
320 2519 385 2568 tollet
396 2534 464 2568 eros:
480 2531 526 2568 uec
534 2515 637 2570 Romule
647 2513 765 2578 quondum

123 2580 178 2630 Ullc
189 2597 214 2630 se
225 2585 316 2632 tentum
325 2584 394 2633 tellus
400 2582 501 2648 jectebil
512 2579 614 2628 elumnc.

122 2645 178 2698 Heu
188 2647 271 2711 pletas,
281 2651 327 2698 heu
339 2649 416 2714 prisce
427 2649 492 2703 fides,
503 2643 638 2710 invictaque
650 2641 711 2693 bello
