1898 2934
6 3 24 191 l

6 351 9 546 l

332 119 495 174 AENEIDOS
512 123 568 172 an.
581 121 618 174 11.
766 127 814 174 129

139 247 187 298 Ciu
202 245 257 301 itur,
268 261 295 295 ae
305 247 391 295 densos
402 247 476 295 sertin
487 245 612 294 moriturus
621 245 646 292 in
658 247 743 294 hostes.

171 263 271 360 AEdlbus
281 312 307 358 in
317 312 407 368 mediis,
417 313 529 376 nudoque
539 311 583 358 sub
593 311 686 360 etheris
697 327 750 368 axe,

140 376 170 424 In
239 391 280 424 ura
290 378 349 438 luit3
361 377 477 442 juxtaque
487 376 611 425 veterrima
620 375 699 424 laurus

137 442 284 490 incumbens
294 457 349 498 are,
359 451 429 506 atque
440 441 521 489 umbri
531 440 647 504 conplexa
657 441 766 490 Penates.

141 505 189 554 llic
197 506 298 554 Hecuba
308 515 332 555 et
342 516 404 555 nate
415 505 574 570 nequidquam
585 505 667 554 altaria
676 507 773 560 circum,

140 569 278 635 Pracipites
289 572 339 620 atri
349 587 393 620 ceu
404 579 543 634 tempestate
554 569 675 626 columbe,
762 575 812 622 ⁵16

141 633 282 692 condense,
293 644 317 684 et
328 636 415 685 Divdm
426 635 539 699 amplexio
550 633 672 682 dmulacrn
682 636 803 686 sedebunt.

140 699 225 762 Ipsum
235 710 314 750 eutem
325 701 406 750 sumtis
416 701 536 749 Priamum
543 699 689 763 juvenilibus
700 701 770 748 armis

141 764 177 813 Ut
187 765 263 827 vidit3
279 766 340 824 Qun
351 781 417 814 mens
427 775 476 813 tam
486 764 546 820 dira,
558 763 684 814 miserdme
694 766 807 830 conjunx,

142 827 235 893 Inpulit
245 831 282 878 his
292 831 355 895 cingi
365 831 432 878 telisi
448 837 490 879 aut
500 828 547 894 qud
558 828 621 876 ruis?
637 829 721 892 inquit.
763 836 813 881 520

142 893 169 942 N
170 909 200 945 on
211 895 253 944 tali
263 896 358 952 auxilio,
368 911 413 944 nec
424 894 587 947 defensoribus
596 893 653 948 istis,

140 957 244 1024 Tempus
249 970 303 1024 eget
307 979 315 1023 ;
325 976 382 1016 non,
390 961 409 1009 si
416 960 608 1025 ipsemeusnunc
616 959 708 1006 udloret
716 958 813 1008 Hector.

141 1023 302 1078 Huotandenr
312 1027 431 1085 conoede3
447 1027 498 1074 lunc
509 1039 550 1072 ara
561 1023 665 1072 tuebitur
674 1037 768 1070 omnes:

138 1087 193 1138 ¹Ant
203 1090 302 1139 moriere
312 1089 387 1148 simul.
415 1090 454 1138 Sic
464 1105 505 1138 ore
515 1089 594 1145 effata,
604 1088 694 1152 recepit

141 1152 182 1201 Ad
194 1169 252 1210 sese,
262 1163 287 1208 et
297 1156 361 1204 sacri
371 1156 503 1219 longevum
514 1155 539 1202 in
549 1156 606 1202 sede
617 1153 709 1202 locavit.
766 1155 814 1204 ⁵2⁵

174 1218 239 1268 Ecce
249 1226 328 1272 eutem
336 1219 429 1296 elapsus
440 1219 527 1283 Pyrrhi
538 1220 569 1267 de
579 1220 645 1268 cede
655 1218 751 1275 Polites,

141 1283 212 1332 Unus
221 1291 329 1335 natorum
339 1285 435 1341 hami,
445 1299 489 1348 per
498 1285 554 1339 tela,
564 1299 607 1348 per
617 1284 702 1338 hostes,

142 1346 275 1398 Porticibns
284 1348 359 1412 longis
369 1349 437 1415 fugit,
447 1358 472 1398 et
482 1364 557 1397 vacua
568 1348 628 1396 utria
638 1348 721 1396 lustrat

139 1411 247 1462 Saucius.
275 1413 348 1463 Illum
358 1417 443 1464 ardens
452 1414 539 1464 infesto
548 1413 644 1462 volnere
655 1413 762 1478 Pyrrhus

141 1476 285 1542 Insequitur,
292 1479 445 1544 jamjamque
453 1495 525 1528 manu
533 1487 606 1534 tenet,
613 1487 638 1528 et
646 1478 732 1542 premit
739 1475 811 1530 hasti.

139 1542 176 1592 Ilt
185 1544 282 1594 tandem
293 1553 348 1600 ante
358 1545 438 1593 oculos
447 1545 522 1593 evasit
532 1552 556 1596 et
566 1553 748 1608 oraparenturn
764 1545 811 1592 5³1

140 1605 260 1665 Concidit,
271 1625 299 1658 ac
310 1609 383 1659 multo
395 1610 468 1658 vitum
478 1623 533 1658 oum
544 1609 657 1684 sanguine
668 1609 737 1656 fudit.

139 1671 188 1721 ffic
203 1673 318 1730 Priamus,
335 1690 477 1740 quamquam
491 1675 516 1722 in
532 1674 610 1721 medii
621 1674 673 1737 jam
689 1681 763 1720 morte
778 1681 814 1720 te·

235 1747 314 1795 uetur,

140 1799 197 1850 Non
207 1808 287 1852 tamen
298 1802 418 1858 abstinuit,
429 1817 475 1850 nec
485 1795 538 1847 voci
549 1800 636 1863 ireque
647 1800 759 1862 pepercit.

140 1864 174 1913 At
184 1865 227 1918 tibi
237 1883 281 1931 pro
292 1867 387 1924 scelere,
395 1867 519 1918 exclamat,
530 1879 573 1927 pro
584 1863 669 1912 talibus
680 1864 749 1920 ausis,
765 1865 814 1914 535

140 1929 185 1984 Di,
196 1931 215 1976 si
225 1948 272 1995 qua
282 1939 318 1980 est
328 1931 387 1983 coelo
397 1932 481 1995 pietas,
491 1943 543 1992 quae
555 1927 611 1976 talia
621 1937 696 1983 curet,

140 1990 278 2042 Persolvant
289 2003 366 2070 grates
376 1996 466 2059 dignas,
478 2003 502 2040 et
514 1993 609 2056 premia
619 1994 721 2042 reddant

141 2057 245 2119 Debita3
261 2074 301 2121 qut
311 2060 362 2107 nati
373 2075 452 2108 corum
462 2073 501 2106 sne
511 2072 606 2106 cernere
617 2057 690 2107 letum

140 2121 235 2178 fecisti,
245 2130 270 2170 et
281 2123 368 2186 patrios
379 2123 472 2171 ioeddsti
483 2124 566 2171 iuuere
577 2124 660 2171 voltus.

140 2186 175 2236 At
184 2203 234 2235 non
245 2187 292 2243 ille,
303 2194 379 2235 satum
404 2204 436 2236 uo
446 2197 471 2236 te
482 2188 593 2244 mentiris,
603 2188 708 2236 Achilles
766 2191 815 2238 540

139 2251 203 2302 Talis
213 2253 239 2300 in
250 2254 316 2302 hoste
327 2253 372 2301 tuit
382 2204 491 2313 irinum
507 2254 548 2302 sed
556 2253 612 2318 jure
622 2254 739 2314 iidemque

141 2318 259 2383 Supplicis
269 2317 370 2374 erubuit,
381 2333 512 2383 corpusque
521 2333 639 2382 exsangue
650 2317 757 2380 sepulcro

139 2381 259 2432 Reddidit
270 2384 422 2440 Hectoreum,
433 2399 516 2449 meque
527 2384 552 2431 in
562 2399 615 2432 men
624 2395 696 2444 regna
707 2379 801 2426 remisit.

141 2446 180 2495 Sic
191 2449 253 2498 satus
264 2449 348 2505 senior,
359 2449 478 2513 telumque
488 2448 575 2497 inbelle
586 2448 637 2495 siue
646 2445 695 2492 ictu

140 2511 262 2577 conjectu
278 2529 351 2564 rauco
360 2516 424 2579 quod
435 2515 544 2579 protinus
554 2527 601 2559 ere
611 2508 749 2581 repulsurus«
765 2509 813 2556 545

141 2573 175 2626 Et
185 2591 275 2626 summo
284 2579 355 2643 clipei
365 2579 525 2644 nequidquam
536 2575 637 2623 umbone
648 2570 769 2646 pependit.

141 2638 189 2692 Cui
199 2641 318 2707 Pyrrhuis
335 2643 436 2697 Reterea
444 2657 502 2706 ergo
513 2635 766 2695 metuendorum
