1878 2930
277 145 483 198 GEORGICON
500 147 558 198 Lan.
569 146 622 197 111.
757 157 790 203 63
818 108 820 114 ¹

110 267 280 334 Gangaridum
291 269 383 326 faciam,
393 270 532 334 victorisque
543 286 608 318 arma
618 269 710 330 Quirini
719 289 725 332 ;

111 335 194 400 Atque
205 333 245 384 hio
256 336 386 384 undantem
396 334 458 382 bello
469 350 623 400 magnumque
634 337 747 386 fluentem

112 401 207 454 Nilum,
219 416 247 447 ac
257 400 336 447 navali
347 409 467 464 surgentes
478 415 523 448 are
533 401 658 450 columnas.
757 407 788 453 29

111 465 211 513 Addam
221 464 290 512 urbes
301 464 364 514 Asia
376 465 483 520 domitas,
494 464 630 530 pulsumque
641 467 774 531 Niphaten,

112 529 286 593 Fidentemqne
296 530 354 593 fuga
364 529 480 577 Parthum
490 530 605 592 versisque
616 533 713 596 sagittis,

113 594 146 642 Et
156 595 206 642 duo
217 601 286 658 rapta
296 611 368 642 mann
379 595 471 642 diverso
483 609 512 642 ex
524 595 589 642 hoste
598 604 696 661 tropaea,

113 659 203 722 Bisque
214 659 368 723 triumphatas
378 667 478 723 utroque
488 659 518 706 ab
528 659 594 707 litore
604 670 691 723 gentes.

113 723 216 772 Stabunt
227 731 251 770 et
262 722 326 772 Parii
337 724 434 788 lapides,
446 724 559 788 spirantia
570 724 642 787 signa,

112 788 223 836 Assaraci
234 788 317 852 proles,
328 790 480 854 demissaque
491 789 521 836 ab
531 789 591 838 Jove
601 791 676 852 gentle
755 795 788 841 35

114 853 228 908 Nomina,
237 853 342 918 Trosque
353 869 445 918 parens,
455 862 480 902 et
487 854 565 918 Trojoe
574 853 692 918 Cynthius
700 864 789 906 auctor.

113 916 209 966 Invidia
220 918 303 966 infelix
314 919 396 968 Furias
406 934 544 984 amnemque
554 933 661 966 severum

113 981 197 1046 Cocyti
210 991 307 1040 metuet,
316 991 435 1049 tortosque
446 983 536 1033 Ixionis
547 999 635 1047 angues

113 1045 286 1111 Inmanemque
295 1057 379 1104 rotam,
389 1057 413 1098 et
423 1064 472 1096 non
482 1048 644 1113 exsuperabile
656 1063 743 1096 saxum.
815 1045 821 1060 ’

112 1109 209 1160 Interea
220 1113 347 1176 Dryadum
358 1113 426 1162 silvas
437 1113 553 1178 saltusque
567 1128 692 1176 sequamur
755 1117 799 1162 40·

113 1174 228 1232 Intactos,
239 1187 288 1232 tua,
299 1177 428 1234 Maecenas,
439 1179 503 1225 haud
514 1177 593 1225 mollia
600 1179 672 1242 jussa

112 1241 147 1290 Te
158 1243 210 1290 sine
221 1241 254 1288 nil
266 1243 339 1290 altum
350 1258 415 1290 mens
426 1243 528 1290 inchoat
558 1241 605 1296 Eu,
616 1259 667 1306 age,
680 1255 762 1304 segnes

112 1305 211 1371 Rumpe
221 1321 312 1368 ruroras;
327 1315 396 1356 vocat
406 1307 496 1370 ingenti
506 1307 607 1355 clamore
617 1307 746 1361 Citheron,

113 1371 260 1438 Taygetique
269 1387 348 1428 canes,
358 1372 514 1436 domitrixque
520 1371 655 1436 Epidaurus
663 1386 786 1436 equorum

112 1435 146 1486 Et
156 1452 203 1485 vox
215 1439 316 1486 adsensu
326 1453 449 1491 nemorum
458 1437 603 1502 ingeminata
613 1437 722 1502 remugit.
745 1441 787 1498 ,45

113 1501 175 1550 Mox
186 1510 266 1550 tamen
276 1503 385 1551 ardentes
397 1503 507 1566 adcingar
518 1504 597 1552 dicere
608 1517 699 1567 pugnas
794 1525 797 1532 ·

113 1566 222 1622 Caesaris,
233 1576 258 1616 et
269 1583 355 1618 nomen
366 1568 428 1615 famd
439 1577 474 1616 tot
484 1569 545 1616 ferre
554 1583 599 1635 per
609 1583 691 1624 annos,

113 1631 210 1680 Tithoni
220 1632 297 1696 primis
308 1641 365 1696 quot
374 1634 440 1681 abest
450 1633 480 1681 ab
491 1634 580 1698 origine
591 1633 679 1682 Caesar.

146 1695 194 1745 Seu
204 1698 264 1762 quia,
275 1698 421 1762 Olympiaca
433 1698 528 1746 miratus
540 1699 637 1762 pramis
647 1697 739 1760 palma,

113 1759 193 1810 Pascit
204 1779 283 1827 equos,
294 1779 335 1810 seu
345 1763 397 1828 qnia
408 1763 473 1810 sortis
484 1765 514 1810 ad
526 1771 604 1810 aratra
610 1761 733 1825 juvencos,
754 1766 787 1812 50

113 1825 221 1890 Corpora
232 1828 352 1892 precipue
363 1835 463 1876 matrum
473 1828 543 1891 legat.
571 1827 676 1889 Optuma
687 1833 759 1874 torve

113 1889 198 1940 Forma
209 1893 282 1948 bovis,
293 1893 332 1940 cui
343 1900 413 1956 turpe
423 1900 503 1956 caput,
514 1891 551 1940 cui
561 1889 662 1954 plurima
673 1892 759 1948 cervix,

114 1953 147 2003 Et
157 1973 252 2007 crurum
263 1965 333 2006 tenus
343 1975 358 2004 a
368 1965 447 2006 mento
457 1957 561 2021 palearia
571 1955 692 2020 pendent5

112 2019 174 2067 Tum
186 2021 255 2086 longo
267 2021 345 2070 nullus
356 2023 423 2070 lateri
435 2023 532 2082 modus3
547 2020 626 2068 omnia
637 2036 728 2083 magna,

113 2083 160 2132 Pes
172 2086 256 2148 etiarm
273 2095 297 2135 et
308 2087 408 2136 camma
418 2086 484 2136 hirtae
496 2087 538 2134 sub
547 2085 655 2134 cornibus
663 2102 737 2136 aines.
755 2090 787 2137 55

113 2149 167 2198 Nec
179 2151 237 2198 mihi
248 2152 371 2216 displiceat
382 2151 478 2198 maculis
488 2151 585 2214 insignis
595 2157 619 2198 et
630 2151 692 2207 albo,

112 2213 163 2262 Aut
170 2217 231 2280 juga
242 2217 389 2276 detrectatum
405 2215 569 2278 interdumque
581 2231 663 2278 aspera
673 2231 754 2272 cornu,

113 2279 146 2328 Et
155 2282 240 2330 faciem
254 2289 321 2329 tauro
332 2280 442 2346 propior3
458 2296 555 2344 quaeque
566 2281 640 2328 ardua
649 2288 707 2337 tota,

113 2344 145 2392 Et
156 2347 266 2409 gradIens
276 2347 324 2396 ima
334 2346 406 2394 verrit
417 2346 514 2408 vestigia
525 2345 606 2394 cauda.

112 2411 182 2459 AEtas
193 2411 309 2460 Lucinam
316 2411 439 2477 justosque
449 2411 498 2474 pati
509 2412 643 2475 hymenaeos
755 2408 788 2456 60

112 2474 207 2525 Desinit
217 2485 273 2524 ante
283 2479 373 2532 decem,
385 2484 437 2541 post
448 2483 547 2538 quatuor
556 2473 641 2536 incipit
651 2484 738 2518 annos:

112 2538 198 2589 Cetera
208 2557 254 2590 nec
266 2543 348 2592 fetura
359 2541 450 2595 habilis,
461 2556 506 2588 nec
517 2539 583 2586 fortis
595 2535 683 2583 aratris·

112 2603 216 2662 Interea,
227 2615 323 2670 superat
333 2607 442 2670 gregibus
453 2606 509 2651 dnm
521 2603 575 2648 laeta
582 2601 701 2671 juventas,

113 2667 182 2718 Solae
193 2687 271 2720 marea
276 2689 284 2734 3
299 2671 367 2720 mitto
377 2673 404 2720 in
413 2670 534 2720 Venerem
544 2675 656 2727 petuam
666 2673 764 2721 Pflfflffl·
