1898 2934
343 111 507 164 AENEIDOS
523 112 580 162 Lm.
591 113 614 161 1.
776 118 823 164 105

141 234 252 284 AEtherid
263 247 321 298 quos
331 234 397 299 lapse
408 235 478 299 piegd
488 235 554 285 Jovis
564 235 613 284 sies
624 241 707 298 aperto

140 247 279 348 'i'urbobetq
274 300 347 364 coe103
363 315 427 348 nunc
438 309 512 348 terres
522 301 605 348 ordine
616 300 687 364 longo
770 304 819 353 ³95

143 363 194 413 Aut
203 379 297 428 cepere,
308 375 349 413 eut
360 373 442 429 coptos
448 365 500 440 jem
510 365 647 428 despectare
659 366 777 414 videntur.

141 429 178 478 Ut
187 430 287 478 reduces
297 429 331 478 ilii
342 430 429 478 ludunt
437 429 591 477 stridentibus
602 429 652 485 siis,

142 493 176 541 Et
186 502 248 542 coetu
259 494 354 544 cinxere
365 495 453 558 polum,
464 501 593 557 centosque
603 496 706 558 dedere,

141 559 216 607 Haud
227 558 295 608 aliter
305 573 444 624 puppesque
454 566 502 606 ture
514 559 641 636 pubesque
645 569 739 610 tuorum

141 622 193 672 Aut
203 630 297 687 portum
308 633 382 681 tenet,
392 631 434 672 ent
444 623 515 688 piene
526 623 589 672 subit
598 624 658 672 ostie
668 626 728 675 velo.
769 630 818 676 too

143 686 220 750 Perge
231 689 309 746 modo,
319 699 351 745 et,
361 689 410 755 qui
420 697 444 737 te
454 688 554 736 docit'
532 703 579 744 vie,
589 688 664 752 dirige
674 705 785 752 gressum.

175 752 253 808 Dixit,
263 760 289 802 et
299 764 407 804 evertens
418 754 483 802 rosei
494 752 586 802 cervice
596 753 696 810 refulsit,

140 816 320 929 Ambrosiusque
330 834 403 868 come
414 819 521 867 divinum
531 817 621 866 vertice
631 819 727 867 odorem

140 946 176 995 Et
140 881 749 1014 ειεζῖιειοοριξὲῗινῐέῗῖῗυῖῗοωιὶῗέιῑιεω
769 952 818 1000 405

140 1010 276 1076 Adgnovit,
286 1014 328 1061 tuli
340 1015 470 1078 fugientem
481 1020 517 1062 est
526 1029 585 1062 voce
595 1019 704 1062 secutus:

142 1075 208 1134 Quid
218 1085 301 1126 netum
311 1079 388 1135 toties,
397 1078 500 1128 crudelis
509 1085 537 1126 tu
547 1093 649 1155 quoqne,
659 1076 723 1126 falsis

141 1141 217 1190 Ludis
227 1142 383 1206 imaginibus?
399 1160 442 1192 cur
452 1145 562 1192 dertrae'
551 1158 654 1208 jungere
665 1143 773 1191 derbem

141 1205 200 1254 Non
211 1207 290 1262 detur,
301 1223 329 1255 sc
339 1223 407 1256 veros
419 1209 501 1256 audire
511 1215 536 1255 et
546 1209 647 1257 reddere
657 1207 743 1256 voces?

9 1267 10 1288 ¹
53 1319 56 1328 ,
140 1270 254 1320 Tobbur
247 1278 346 1327 incuset,
357 1272 646 1336 gressumqucsdmoenre
656 1271 741 1320 tendit
768 1275 818 1322 410

142 1335 177 1384 At
187 1338 271 1387 Venus
283 1337 382 1385 obscuro
393 1337 558 1401 gradientes
538 1337 593 1386 ee're
603 1336 690 1413 sepsit,

142 1400 176 1450 Et
186 1401 260 1450 multo
271 1400 395 1451 nebule
375 1417 464 1452 orreum
475 1401 530 1478 Dee
540 1401 602 1450 fudit
613 1401 709 1458 uuictu,
756 1426 759 1432 ,

142 1464 248 1515 Cernere
258 1481 290 1514 ne
300 1465 353 1530 quis
362 1482 410 1523 eos,
422 1483 468 1515 neu
479 1466 534 1542 quis
541 1466 678 1530 confingere
689 1474 775 1532 posset,

143 1529 536 1587 Molirivemorem,autven1endr
546 1546 753 1598 pomeretam
807 1559 813 1579 r

143 1593 201 1659 Ipse
212 1595 321 1660 Paphum
332 1595 437 1646 sublimis
448 1596 505 1651 abit,
516 1581 629 1661 sedesque
640 1596 721 1650 revicit
768 1599 818 1648 415

144 1658 211 1710 Lete
221 1675 288 1710 suas·
305 1660 347 1708 ubi
356 1661 470 1725 tempium
480 1660 523 1715 iili,
533 1671 675 1726 centumque
686 1661 769 1712 Sebaeo

142 1724 206 1774 Ture
216 1725 295 1776 celent
304 1740 359 1782 ore,
370 1727 483 1802 sertisque
493 1725 627 1774 recentibus
638 1725 726 1778 belant.

176 1789 356 1855 Conripuere'
333 1805 397 1838 vmm
406 1792 504 1845 interea,
515 1789 563 1852 qui
573 1789 655 1838 semite
664 1797 791 1852 monebu,

143 1853 244 1919 Jamque
255 1855 431 1904 adscendebant
441 1855 532 1910 collem,
541 1867 583 1918 qur
574 1853 707 1918 'plurimus
717 1855 771 1902 urbi
812 1881 816 1889 =

144 1918 258 1977 Inminet,
269 1921 425 1984 edvmmsque
436 1921 558 1983 adspectet
568 1919 670 1982 desuper
680 1934 753 1968 arces.
769 1922 819 1970 420

145 1982 251 2031 Miretur
258 1984 343 2032 molem
354 1985 452 2041 AEneos,
461 1983 563 2049 magelin
572 1985 706 2060 quendem;

146 2045 253 2094 Miretur
263 2055 350 2111 portet,
360 2049 536 2113 strepitumque,
546 2057 572 2096 et
582 2057 654 2097 sueto
662 2049 761 2100 viarum.

144 2110 240 2160 Instent
251 2113 359 2160 ardentes
368 2114 449 2178 Tyrii·
466 2114 619 2178 pcrsducere
630 2129 714 2170 muros,

143 2176 273 2242 Molirique
284 2191 369 2232 mecm,
378 2187 403 2227 et
413 2179 521 2228 manibus
531 2178 669 2228 subvolvere
679 2195 750 2242 sors,

143 2241 203 2290 Pers
213 2249 296 2318 optare
306 2241 383 2292 locum
392 2251 462 2300 tecte,
472 2252 497 2292 et
506 2243 647 2299 concludere
658 2243 731 2292 sulco.
769 2246 818 2293 42⁵

78 2315 81 2322 “
143 2304 224 2356 'Jure
232 2307 395 2372 magistratusq
306 2309 521 2386 mmuelegtmt,
528 2306 819 2383 smoumquesenetum.·

65 2378 68 2384 '
143 2370 285 2484 Fugrfom
296 2371 476 2421 cliieffodiunt:
493 2371 532 2420 hic
543 2372 590 2420 uite
600 2372 698 2427 theatris
851 2383 855 2390 '

215 2436 475 2492 eruentelocentelii,
468 2451 591 2499 rumencsq
592 2437 752 2484 ueoolumncs

144 2498 256 2564 Rupibus
266 2502 388 2556 excidunt,
399 2502 474 2549 scenis
485 2501 571 2548 decore
564 2452 630 2546 ⁵qeite
639 2499 732 2552 futuris

145 2512 228 2620 Quciis
240 2581 296 2630 opes
306 2571 388 2615 estete
399 2567 461 2612 nove
471 2564 598 2626 perdoree
604 2576 660 2610 rure
770 2565 819 2612 430

145 2627 249 2683 Exercet
258 2631 304 2680 sub
315 2629 363 2678 soie
373 2627 454 2689 labor·
470 2642 543 2690 quum
553 2625 630 2689 gentis
640 2624 732 2676 adultos
