<?xml version="1.0" encoding="UTF-8"?>
<!DOCTYPE html PUBLIC "-//W3C//DTD XHTML 1.0 Transitional//EN"
    "http://www.w3.org/TR/xhtml1/DTD/xhtml1-transitional.dtd">
<html xmlns="http://www.w3.org/1999/xhtml" xml:lang="en" lang="en">
 <head>
  <title>
</title>
<meta http-equiv="Content-Type" content="text/html;charset=utf-8" />
  <meta name='ocr-system' content='tesseract 3.04.00' />
  <meta name='ocr-capabilities' content='ocr_page ocr_carea ocr_par ocr_line ocrx_word'/>
</head>
<body>
  <div class='ocr_page' id='page_1' title='image "./opera00heyngoog/opera00heyngoog_0303.png"; bbox 0 0 1882 2924; ppageno 0'>
   <div class='ocr_carea' id='block_1_1' title="bbox 139 115 677 171">
    <p class='ocr_par' dir='ltr' id='par_1_1' title="bbox 139 115 677 171">
     <span class='ocr_line' id='line_1_1' title="bbox 139 115 677 171; baseline 0 -3"><span class='ocrx_word' id='word_1_1' title='bbox 139 122 187 168; x_wconf 76' lang='lat'>292</span> <span class='ocrx_word' id='word_1_2' title='bbox 325 115 490 171; x_wconf 75' lang='lat' dir='ltr'>AENEIDOS</span> <span class='ocrx_word' id='word_1_3' title='bbox 505 117 618 168; x_wconf 81' lang='lat' dir='ltr'>Ln.1x.</span> <span class='ocrx_word' id='word_1_4' title='bbox 675 139 677 142; x_wconf 95' lang='lat'>·</span> 
     </span>
    </p>
   </div>
   <div class='ocr_carea' id='block_1_2' title="bbox 126 237 822 2694">
    <p class='ocr_par' dir='ltr' id='par_1_2' title="bbox 126 237 822 2694">
     <span class='ocr_line' id='line_1_2' title="bbox 139 237 776 306; baseline 0.006 -19"><span class='ocrx_word' id='word_1_5' title='bbox 139 237 260 302; x_wconf 54' lang='lat' dir='ltr'>Effigiem</span> <span class='ocrx_word' id='word_1_6' title='bbox 276 255 352 306; x_wconf 84' lang='lat' dir='ltr'>neque</span> <span class='ocrx_word' id='word_1_7' title='bbox 362 240 425 288; x_wconf 85' lang='lat' dir='ltr'>enirn</span> <span class='ocrx_word' id='word_1_8' title='bbox 435 240 455 288; x_wconf 81' lang='lat' dir='ltr'>ie</span> <span class='ocrx_word' id='word_1_9' title='bbox 464 241 507 288; x_wconf 89' lang='lat' dir='ltr'>teli</span> <span class='ocrx_word' id='word_1_10' title='bbox 517 257 561 291; x_wconf 90' lang='lat' dir='ltr'>nec</span> <span class='ocrx_word' id='word_1_11' title='bbox 571 239 675 288; x_wconf 70' lang='lat' dir='ltr'>vulneris</span> <span class='ocrx_word' id='word_1_12' title='bbox 685 249 776 291; x_wconf 81' lang='lat' dir='ltr'>auctor.</span> 
     </span>
     <span class='ocr_line' id='line_1_3' title="bbox 140 302 711 370; baseline -0.002 -18"><span class='ocrx_word' id='word_1_13' title='bbox 140 302 179 352; x_wconf 88' lang='lat' dir='ltr'>Sic</span> <span class='ocrx_word' id='word_1_14' title='bbox 191 303 231 360; x_wconf 88' lang='lat' dir='ltr'>ait,</span> <span class='ocrx_word' id='word_1_15' title='bbox 241 314 265 352; x_wconf 88' lang='lat' dir='ltr'>et</span> <span class='ocrx_word' id='word_1_16' title='bbox 276 306 391 353; x_wconf 76' lang='lat' dir='ltr'>sublatum</span> <span class='ocrx_word' id='word_1_17' title='bbox 403 305 448 354; x_wconf 81' lang='lat' dir='ltr'>alte</span> <span class='ocrx_word' id='word_1_18' title='bbox 459 307 577 370; x_wconf 80' lang='lat' dir='ltr'><strong>consurgit</strong></span> <span class='ocrx_word' id='word_1_19' title='bbox 586 306 612 352; x_wconf 91' lang='lat' dir='ltr'>iu</span> <span class='ocrx_word' id='word_1_20' title='bbox 622 321 711 360; x_wconf 74' lang='lat' dir='ltr'>ensem,</span> 
     </span>
     <span class='ocr_line' id='line_1_4' title="bbox 139 368 810 435; baseline 0.009 -21"><span class='ocrx_word' id='word_1_21' title='bbox 139 368 173 415; x_wconf 85' lang='lat' dir='ltr'>Et</span> <span class='ocrx_word' id='word_1_22' title='bbox 181 369 282 418; x_wconf 84' lang='lat' dir='ltr'>mediam</span> <span class='ocrx_word' id='word_1_23' title='bbox 290 370 352 419; x_wconf 86' lang='lat' dir='ltr'>lerro</span> <span class='ocrx_word' id='word_1_24' title='bbox 360 369 453 432; x_wconf 75' lang='lat' dir='ltr'>gemirm</span> <span class='ocrx_word' id='word_1_25' title='bbox 460 371 522 420; x_wconf 87' lang='lat' dir='ltr'>iuter</span> <span class='ocrx_word' id='word_1_26' title='bbox 529 380 632 435; x_wconf 85' lang='lat' dir='ltr'>tempora</span> <span class='ocrx_word' id='word_1_27' title='bbox 640 370 742 418; x_wconf 82' lang='lat' dir='ltr'>frontem</span> <span class='ocrx_word' id='word_1_28' title='bbox 758 373 810 420; x_wconf 78' lang='grc'>750</span> 
     </span>
     <span class='ocr_line' id='line_1_5' title="bbox 140 433 688 500; baseline -0.002 -18"><span class='ocrx_word' id='word_1_29' title='bbox 140 433 242 490; x_wconf 81' lang='lat' dir='ltr'>Dividit,</span> <span class='ocrx_word' id='word_1_30' title='bbox 251 435 397 500; x_wconf 72' lang='lat' dir='ltr'>inpubesque</span> <span class='ocrx_word' id='word_1_31' title='bbox 407 435 495 482; x_wconf 86' lang='lat' dir='ltr'>inmani</span> <span class='ocrx_word' id='word_1_32' title='bbox 507 436 599 484; x_wconf 78' lang='lat' dir='ltr'>volneoe</span> <span class='ocrx_word' id='word_1_33' title='bbox 609 434 688 482; x_wconf 82' lang='lat' dir='ltr'>malea.</span> 
     </span>
     <span class='ocr_line' id='line_1_6' title="bbox 139 495 741 565; baseline 0 -19"><span class='ocrx_word' id='word_1_34' title='bbox 139 495 179 546; x_wconf 87' lang='lat' dir='ltr'>Fit</span> <span class='ocrx_word' id='word_1_35' title='bbox 188 515 267 547; x_wconf 82' lang='lat' dir='ltr'>annua:</span> <span class='ocrx_word' id='word_1_36' title='bbox 285 500 374 562; x_wconf 82' lang='lat' dir='ltr'>ingenti</span> <span class='ocrx_word' id='word_1_37' title='bbox 385 515 497 548; x_wconf 79' lang='lat' dir='ltr'>concussa</span> <span class='ocrx_word' id='word_1_38' title='bbox 507 510 543 549; x_wconf 82' lang='lat' dir='ltr'>eat</span> <span class='ocrx_word' id='word_1_39' title='bbox 553 500 655 565; x_wconf 90' lang='lat' dir='ltr'>pondere</span> <span class='ocrx_word' id='word_1_40' title='bbox 665 500 741 547; x_wconf 75' lang='lat' dir='ltr'>tellue</span> 
     </span>
     <span class='ocr_line' id='line_1_7' title="bbox 139 561 712 628; baseline 0.002 -17"><span class='ocrx_word' id='word_1_41' title='bbox 139 561 343 628; x_wconf 77' lang='lat' dir='ltr'>Conlapecaartua</span> <span class='ocrx_word' id='word_1_42' title='bbox 354 571 423 628; x_wconf 83' lang='lat' dir='ltr'>atque</span> <span class='ocrx_word' id='word_1_43' title='bbox 434 579 498 612; x_wconf 79' lang='lat' dir='ltr'>arma</span> <span class='ocrx_word' id='word_1_44' title='bbox 508 573 606 615; x_wconf 87' lang='lat' dir='ltr'>cruenta</span> <span class='ocrx_word' id='word_1_45' title='bbox 616 565 712 614; x_wconf 84' lang='lat' dir='ltr'>cerebro</span> 
     </span>
     <span class='ocr_line' id='line_1_8' title="bbox 135 626 754 694; baseline 0.002 -19"><span class='ocrx_word' id='word_1_46' title='bbox 135 626 228 676; x_wconf 81' lang='lat' dir='ltr'>Sternit</span> <span class='ocrx_word' id='word_1_47' title='bbox 238 630 302 678; x_wconf 84' lang='lat' dir='ltr'>humi</span> <span class='ocrx_word' id='word_1_48' title='bbox 314 630 426 690; x_wconf 63' lang='lat' dir='ltr'>moricum</span> <span class='ocrx_word' id='word_1_49' title='bbox 442 637 513 693; x_wconf 86' lang='lat' dir='ltr'>atque</span> <span class='ocrx_word' id='word_1_50' title='bbox 523 630 557 677; x_wconf 95' lang='lat' dir='ltr'>illi</span> <span class='ocrx_word' id='word_1_51' title='bbox 568 629 672 694; x_wconf 74' lang='lat' dir='ltr'>partibus</span> <span class='ocrx_word' id='word_1_52' title='bbox 682 628 754 694; x_wconf 80' lang='lat' dir='ltr'>aequie</span> 
     </span>
     <span class='ocr_line' id='line_1_9' title="bbox 138 691 809 760; baseline 0.001 -20"><span class='ocrx_word' id='word_1_53' title='bbox 138 691 194 740; x_wconf 87' lang='lat' dir='ltr'>Huc</span> <span class='ocrx_word' id='word_1_54' title='bbox 204 703 276 759; x_wconf 84' lang='lat' dir='ltr'>caput</span> <span class='ocrx_word' id='word_1_55' title='bbox 286 703 355 760; x_wconf 84' lang='lat' dir='ltr'>atque</span> <span class='ocrx_word' id='word_1_56' title='bbox 365 695 419 742; x_wconf 94' lang='lat' dir='ltr'>illuc</span> <span class='ocrx_word' id='word_1_57' title='bbox 430 695 529 742; x_wconf 87' lang='lat' dir='ltr'>humero</span> <span class='ocrx_word' id='word_1_58' title='bbox 539 709 568 742; x_wconf 84' lang='lat' dir='ltr'>ex</span> <span class='ocrx_word' id='word_1_59' title='bbox 580 703 678 758; x_wconf 67' lang='lat' dir='ltr'>unoque</span> <span class='ocrx_word' id='word_1_60' title='bbox 688 691 809 760; x_wconf 76' lang='lat' dir='ltr'>pependit.</span> 
     </span>
     <span class='ocr_line' id='line_1_10' title="bbox 137 755 808 823; baseline 0.01 -20"><span class='ocrx_word' id='word_1_61' title='bbox 137 755 274 822; x_wconf 80' lang='lat' dir='ltr'>Diffugiunt</span> <span class='ocrx_word' id='word_1_62' title='bbox 284 761 345 808; x_wconf 83' lang='lat' dir='ltr'>verni</span> <span class='ocrx_word' id='word_1_63' title='bbox 355 758 446 823; x_wconf 74' lang='lat' dir='ltr'>trepidi</span> <span class='ocrx_word' id='word_1_64' title='bbox 456 758 584 807; x_wconf 86' lang='lat' dir='ltr'>formidine</span> <span class='ocrx_word' id='word_1_65' title='bbox 593 760 680 820; x_wconf 56' lang='lat' dir='ltr'>Tmen</span> <span class='ocrx_word' id='word_1_66' title='bbox 759 761 808 810; x_wconf 80' lang='lat'>⁷56</span> 
     </span>
     <span class='ocr_line' id='line_1_11' title="bbox 138 820 682 879; baseline -0.006 -6"><span class='ocrx_word' id='word_1_67' title='bbox 138 820 179 878; x_wconf 83' lang='lat' dir='ltr'>Et,</span> <span class='ocrx_word' id='word_1_68' title='bbox 190 824 210 872; x_wconf 81' lang='lat' dir='ltr'>oi</span> <span class='ocrx_word' id='word_1_69' title='bbox 220 824 332 873; x_wconf 84' lang='lat' dir='ltr'>continud</span> <span class='ocrx_word' id='word_1_70' title='bbox 343 825 451 872; x_wconf 83' lang='lat' dir='ltr'>victorem</span> <span class='ocrx_word' id='word_1_71' title='bbox 462 837 491 868; x_wconf 77' lang='lat' dir='ltr'>eo</span> <span class='ocrx_word' id='word_1_72' title='bbox 503 839 564 872; x_wconf 89' lang='lat' dir='ltr'>eura</span> <span class='ocrx_word' id='word_1_73' title='bbox 573 823 682 879; x_wconf 71' lang='lat' dir='ltr'>subimet,</span> 
     </span>
     <span class='ocr_line' id='line_1_12' title="bbox 137 885 803 954; baseline 0.003 -20"><span class='ocrx_word' id='word_1_74' title='bbox 137 885 259 954; x_wconf 82' lang='lat' dir='ltr'>Rumpere</span> <span class='ocrx_word' id='word_1_75' title='bbox 270 890 370 950; x_wconf 74' lang='lat' dir='ltr'>claustra</span> <span class='ocrx_word' id='word_1_76' title='bbox 380 903 450 936; x_wconf 81' lang='lat' dir='ltr'>manu</span> <span class='ocrx_word' id='word_1_77' title='bbox 460 887 583 954; x_wconf 69' lang='lat' dir='ltr'>sociosque</span> <span class='ocrx_word' id='word_1_78' title='bbox 594 887 711 937; x_wconf 82' lang='lat' dir='ltr'>inmittere</span> <span class='ocrx_word' id='word_1_79' title='bbox 720 887 803 952; x_wconf 78' lang='lat' dir='ltr'>portia,</span> 
     </span>
     <span class='ocr_line' id='line_1_13' title="bbox 137 950 639 1017; baseline -0.006 -15"><span class='ocrx_word' id='word_1_80' title='bbox 137 951 241 1002; x_wconf 70' lang='lat' dir='ltr'>Ultimus</span> <span class='ocrx_word' id='word_1_81' title='bbox 250 955 289 1003; x_wconf 87' lang='lat' dir='ltr'>ille</span> <span class='ocrx_word' id='word_1_82' title='bbox 298 955 348 1002; x_wconf 83' lang='lat' dir='ltr'>dieo</span> <span class='ocrx_word' id='word_1_83' title='bbox 359 953 419 1002; x_wconf 86' lang='lat' dir='ltr'>bello</span> <span class='ocrx_word' id='word_1_84' title='bbox 429 950 543 1017; x_wconf 81' lang='lat' dir='ltr'>gentique</span> <span class='ocrx_word' id='word_1_85' title='bbox 554 952 639 1000; x_wconf 65' lang='lat' dir='ltr'>luieret.</span> 
     </span>
     <span class='ocr_line' id='line_1_14' title="bbox 136 1014 809 1082; baseline 0.007 -20"><span class='ocrx_word' id='word_1_86' title='bbox 136 1014 184 1065; x_wconf 88' lang='lat' dir='ltr'>Sed</span> <span class='ocrx_word' id='word_1_87' title='bbox 195 1020 261 1068; x_wconf 79' lang='lat' dir='ltr'>furor</span> <span class='ocrx_word' id='word_1_88' title='bbox 270 1020 391 1067; x_wconf 88' lang='lat' dir='ltr'>ardentem</span> <span class='ocrx_word' id='word_1_89' title='bbox 401 1017 522 1080; x_wconf 72' lang='lat' dir='ltr'>ceditque</span> <span class='ocrx_word' id='word_1_90' title='bbox 532 1019 614 1065; x_wconf 78' lang='lat' dir='ltr'>incana</span> <span class='ocrx_word' id='word_1_91' title='bbox 623 1017 711 1082; x_wconf 88' lang='lat' dir='ltr'>cupido</span> <span class='ocrx_word' id='word_1_92' title='bbox 758 1020 809 1068; x_wconf 86' lang='grc'>760</span> 
     </span>
     <span class='ocr_line' id='line_1_15' title="bbox 136 1079 352 1145; baseline 0.009 -17"><span class='ocrx_word' id='word_1_93' title='bbox 136 1079 192 1145; x_wconf 82' lang='lat' dir='ltr'>Egit</span> <span class='ocrx_word' id='word_1_94' title='bbox 202 1083 227 1131; x_wconf 89' lang='lat' dir='ltr'>in</span> <span class='ocrx_word' id='word_1_95' title='bbox 238 1085 352 1132; x_wconf 73' lang='lat' dir='ltr'>adremon.</span> 
     </span>
     <span class='ocr_line' id='line_1_16' title="bbox 135 1143 731 1224; baseline 0.008 -33"><span class='ocrx_word' id='word_1_96' title='bbox 135 1143 255 1224; x_wconf 88' lang='lat' dir='ltr'>Principio</span> <span class='ocrx_word' id='word_1_97' title='bbox 267 1148 385 1197; x_wconf 87' lang='lat' dir='ltr'>Phalerim</span> <span class='ocrx_word' id='word_1_98' title='bbox 395 1153 428 1203; x_wconf 84' lang='lat' dir='ltr'>et,</span> <span class='ocrx_word' id='word_1_99' title='bbox 437 1144 530 1195; x_wconf 80' lang='lat' dir='ltr'>auceiae</span> <span class='ocrx_word' id='word_1_100' title='bbox 540 1145 634 1222; x_wconf 87' lang='lat' dir='ltr'>poplite,</span> <span class='ocrx_word' id='word_1_101' title='bbox 643 1145 731 1212; x_wconf 78' lang='lat' dir='ltr'>Gygen</span> 
     </span>
     <span class='ocr_line' id='line_1_17' title="bbox 135 1208 746 1278; baseline -0.003 -16"><span class='ocrx_word' id='word_1_102' title='bbox 135 1208 245 1278; x_wconf 78' lang='lat' dir='ltr'>Excip1t;</span> <span class='ocrx_word' id='word_1_103' title='bbox 261 1213 316 1262; x_wconf 79' lang='lat' dir='ltr'>luiuc</span> <span class='ocrx_word' id='word_1_104' title='bbox 328 1221 406 1278; x_wconf 69' lang='lat' dir='ltr'>raptu</span> <span class='ocrx_word' id='word_1_105' title='bbox 417 1211 562 1275; x_wconf 73' lang='lat' dir='ltr'>fugientium</span> <span class='ocrx_word' id='word_1_106' title='bbox 572 1211 657 1274; x_wconf 77' lang='lat' dir='ltr'>ingerit</span> <span class='ocrx_word' id='word_1_107' title='bbox 669 1213 746 1260; x_wconf 75' lang='lat' dir='ltr'>hortm</span> 
     </span>
     <span class='ocr_line' id='line_1_18' title="bbox 135 1273 822 1340; baseline -0.003 -14"><span class='ocrx_word' id='word_1_108' title='bbox 135 1273 167 1322; x_wconf 87' lang='lat' dir='ltr'>In</span> <span class='ocrx_word' id='word_1_109' title='bbox 179 1284 202 1326; x_wconf 83' lang='lat' dir='ltr'>te</span> <span class='ocrx_word' id='word_1_110' title='bbox 231 1295 269 1328; x_wconf 81' lang='lat' dir='ltr'>ua:</span> <span class='ocrx_word' id='word_1_111' title='bbox 284 1279 350 1328; x_wconf 85' lang='lat' dir='ltr'>June</span> <span class='ocrx_word' id='word_1_112' title='bbox 359 1278 421 1326; x_wconf 78' lang='lat' dir='ltr'>vireo</span> <span class='ocrx_word' id='word_1_113' title='bbox 431 1277 581 1340; x_wconf 72' lang='lat' dir='ltr'>amniumque</span> <span class='ocrx_word' id='word_1_114' title='bbox 592 1275 713 1326; x_wconf 62' lang='lat' dir='ltr'>minabunt.</span> <span class='ocrx_word' id='word_1_115' title='bbox 815 1305 822 1315; x_wconf 89' lang='lat'><em>-</em></span> 
     </span>
     <span class='ocr_line' id='line_1_19' title="bbox 134 1339 785 1453; baseline 0.002 -64"><span class='ocrx_word' id='word_1_116' title='bbox 134 1339 212 1453; x_wconf 63' lang='lat' dir='ltr'>idfflt</span> <span class='ocrx_word' id='word_1_117' title='bbox 247 1344 309 1408; x_wconf 79' lang='lat' dir='ltr'>alym</span> <span class='ocrx_word' id='word_1_118' title='bbox 320 1343 436 1397; x_wconf 83' lang='lat' dir='ltr'>comiteur,</span> <span class='ocrx_word' id='word_1_119' title='bbox 447 1350 471 1389; x_wconf 83' lang='lat' dir='ltr'>et</span> <span class='ocrx_word' id='word_1_120' title='bbox 482 1339 574 1388; x_wconf 82' lang='lat' dir='ltr'>connxt</span> <span class='ocrx_word' id='word_1_121' title='bbox 585 1339 681 1404; x_wconf 77' lang='lat' dir='ltr'>Phegea</span> <span class='ocrx_word' id='word_1_122' title='bbox 691 1340 785 1406; x_wconf 74' lang='lat' dir='ltr'>perml3</span> 
     </span>
     <span class='ocr_line' id='line_1_20' title="bbox 150 1405 807 1468; baseline -0.003 -11"><span class='ocrx_word' id='word_1_123' title='bbox 150 1421 235 1468; x_wconf 80' lang='lat' dir='ltr'>gnuroa</span> <span class='ocrx_word' id='word_1_124' title='bbox 244 1409 331 1456; x_wconf 89' lang='lat' dir='ltr'>deinde</span> <span class='ocrx_word' id='word_1_125' title='bbox 342 1409 367 1456; x_wconf 88' lang='lat' dir='ltr'>iu</span> <span class='ocrx_word' id='word_1_126' title='bbox 379 1407 451 1455; x_wconf 76' lang='lat' dir='ltr'>muris</span> <span class='ocrx_word' id='word_1_127' title='bbox 462 1405 611 1468; x_wconf 84' lang='lat' dir='ltr'>Martemque</span> <span class='ocrx_word' id='word_1_128' title='bbox 622 1405 711 1454; x_wconf 72' lang='lat' dir='ltr'>cientes</span> <span class='ocrx_word' id='word_1_129' title='bbox 757 1411 807 1458; x_wconf 77' lang='grc'>766</span> 
     </span>
     <span class='ocr_line' id='line_1_21' title="bbox 134 1469 806 1536; baseline 0.006 -20"><span class='ocrx_word' id='word_1_130' title='bbox 134 1470 326 1534; x_wconf 71' lang='lat' dir='ltr'>Alcandrumque</span> <span class='ocrx_word' id='word_1_131' title='bbox 337 1471 480 1533; x_wconf 73' lang='lat' dir='ltr'>Haliumque</span> <span class='ocrx_word' id='word_1_132' title='bbox 491 1469 662 1531; x_wconf 72' lang='lat' dir='ltr'>Noimonaquo</span> <span class='ocrx_word' id='word_1_133' title='bbox 672 1470 806 1536; x_wconf 85' lang='lat' dir='ltr'>Prytanim·</span> 
     </span>
     <span class='ocr_line' id='line_1_22' title="bbox 247 1550 288 1593; baseline 0 -12"><span class='ocrx_word' id='word_1_134' title='bbox 247 1550 288 1593; x_wconf 81' lang='lat' dir='ltr'>ue3</span> 
     </span>
     <span class='ocr_line' id='line_1_23' title="bbox 133 1549 802 1660; baseline 0 -16"><span class='ocrx_word' id='word_1_135' title='bbox 133 1549 377 1660; x_wconf 71' lang='lat' dir='ltr'>Lynceaienoentem</span> <span class='ocrx_word' id='word_1_136' title='bbox 388 1600 478 1648; x_wconf 86' lang='lat' dir='ltr'>contra,</span> <span class='ocrx_word' id='word_1_137' title='bbox 488 1593 608 1658; x_wconf 72' lang='lat' dir='ltr'>sociosque</span> <span class='ocrx_word' id='word_1_138' title='bbox 618 1605 749 1655; x_wconf 81' lang='lat' dir='ltr'>vocantem,</span> <span class='ocrx_word' id='word_1_139' title='bbox 800 1621 802 1632; x_wconf 87' lang='lat'>=</span> 
     </span>
     <span class='ocr_line' id='line_1_24' title="bbox 133 1656 690 1726; baseline -0.004 -16"><span class='ocrx_word' id='word_1_140' title='bbox 133 1660 334 1726; x_wconf 75' lang='lat' dir='ltr'>vibranti-gladio</span> <span class='ocrx_word' id='word_1_141' title='bbox 344 1657 459 1707; x_wconf 73' lang='lat' dir='ltr'>connixus</span> <span class='ocrx_word' id='word_1_142' title='bbox 470 1656 500 1702; x_wconf 82' lang='lat' dir='ltr'>ob</span> <span class='ocrx_word' id='word_1_143' title='bbox 511 1671 597 1720; x_wconf 76' lang='lat' dir='ltr'>aggere</span> <span class='ocrx_word' id='word_1_144' title='bbox 607 1660 690 1708; x_wconf 78' lang='lat' dir='ltr'>dexter</span> 
     </span>
     <span class='ocr_line' id='line_1_25' title="bbox 134 1721 806 1791; baseline -0.006 -17"><span class='ocrx_word' id='word_1_145' title='bbox 134 1726 255 1791; x_wconf 84' lang='lat' dir='ltr'>Occupat:</span> <span class='ocrx_word' id='word_1_146' title='bbox 272 1725 328 1775; x_wconf 86' lang='lat' dir='ltr'>huic</span> <span class='ocrx_word' id='word_1_147' title='bbox 339 1739 387 1772; x_wconf 92' lang='lat' dir='ltr'>uno</span> <span class='ocrx_word' id='word_1_148' title='bbox 397 1721 515 1786; x_wconf 86' lang='lat' dir='ltr'>dejectum</span> <span class='ocrx_word' id='word_1_149' title='bbox 525 1721 654 1770; x_wconf 81' lang='lat' dir='ltr'>comminue</span> <span class='ocrx_word' id='word_1_150' title='bbox 663 1724 712 1772; x_wconf 84' lang='lat' dir='ltr'>ictu</span> <span class='ocrx_word' id='word_1_151' title='bbox 756 1731 806 1776; x_wconf 83' lang='grc'>770</span> 
     </span>
     <span class='ocr_line' id='line_1_26' title="bbox 134 1785 734 1856; baseline -0.007 -14"><span class='ocrx_word' id='word_1_152' title='bbox 134 1791 197 1842; x_wconf 76' lang='lat' dir='ltr'>Cum</span> <span class='ocrx_word' id='word_1_153' title='bbox 209 1791 275 1856; x_wconf 75' lang='lat' dir='ltr'>golei</span> <span class='ocrx_word' id='word_1_154' title='bbox 285 1791 355 1854; x_wconf 81' lang='lat' dir='ltr'>longe</span> <span class='ocrx_word' id='word_1_155' title='bbox 363 1786 438 1854; x_wconf 74' lang='lat' dir='ltr'>jacuit</span> <span class='ocrx_word' id='word_1_156' title='bbox 447 1792 525 1849; x_wconf 85' lang='lat' dir='ltr'>caput.</span> <span class='ocrx_word' id='word_1_157' title='bbox 559 1785 620 1834; x_wconf 89' lang='lat' dir='ltr'>lnde</span> <span class='ocrx_word' id='word_1_158' title='bbox 631 1786 734 1838; x_wconf 79' lang='lat' dir='ltr'>letarum</span> 
     </span>
     <span class='ocr_line' id='line_1_27' title="bbox 133 1850 705 1920; baseline -0.009 -15"><span class='ocrx_word' id='word_1_159' title='bbox 133 1857 282 1906; x_wconf 69' lang='lat' dir='ltr'>vastatorem</span> <span class='ocrx_word' id='word_1_160' title='bbox 293 1856 419 1920; x_wconf 79' lang='lat' dir='ltr'>Amycum,</span> <span class='ocrx_word' id='word_1_161' title='bbox 430 1865 476 1914; x_wconf 89' lang='lat' dir='ltr'>quo</span> <span class='ocrx_word' id='word_1_162' title='bbox 487 1865 535 1898; x_wconf 89' lang='lat' dir='ltr'>non</span> <span class='ocrx_word' id='word_1_163' title='bbox 545 1850 636 1900; x_wconf 81' lang='lat' dir='ltr'>felicior</span> <span class='ocrx_word' id='word_1_164' title='bbox 645 1852 705 1900; x_wconf 86' lang='lat' dir='ltr'>alter</span> 
     </span>
     <span class='ocr_line' id='line_1_28' title="bbox 134 1919 756 1984; baseline -0.003 -16"><span class='ocrx_word' id='word_1_165' title='bbox 134 1920 248 1984; x_wconf 78' lang='lat' dir='ltr'>Unguere</span> <span class='ocrx_word' id='word_1_166' title='bbox 259 1921 306 1969; x_wconf 83' lang='lat' dir='ltr'>tela</span> <span class='ocrx_word' id='word_1_167' title='bbox 317 1935 396 1972; x_wconf 82' lang='lat' dir='ltr'>manu,</span> <span class='ocrx_word' id='word_1_168' title='bbox 408 1919 540 1979; x_wconf 73' lang='lat' dir='ltr'>tetrumque</span> <span class='ocrx_word' id='word_1_169' title='bbox 551 1929 642 1966; x_wconf 83' lang='lat' dir='ltr'>armare</span> <span class='ocrx_word' id='word_1_170' title='bbox 652 1933 756 1979; x_wconf 80' lang='lat' dir='ltr'>venen03</span> 
     </span>
     <span class='ocr_line' id='line_1_29' title="bbox 134 1979 772 2048; baseline 0.003 -18"><span class='ocrx_word' id='word_1_171' title='bbox 134 1983 167 2030; x_wconf 88' lang='lat' dir='ltr'>Et</span> <span class='ocrx_word' id='word_1_172' title='bbox 178 1985 285 2048; x_wconf 76' lang='lat' dir='ltr'>Clytium</span> <span class='ocrx_word' id='word_1_173' title='bbox 294 1984 413 2037; x_wconf 81' lang='lat' dir='ltr'>AEoliden,</span> <span class='ocrx_word' id='word_1_174' title='bbox 424 1990 448 2028; x_wconf 89' lang='lat' dir='ltr'>et</span> <span class='ocrx_word' id='word_1_175' title='bbox 458 1981 558 2028; x_wconf 81' lang='lat' dir='ltr'>enricum</span> <span class='ocrx_word' id='word_1_176' title='bbox 567 1979 672 2031; x_wconf 82' lang='lat' dir='ltr'>Crethea</span> <span class='ocrx_word' id='word_1_177' title='bbox 682 1983 772 2043; x_wconf 64' lang='lat' dir='ltr'>Meum</span> 
     </span>
     <span class='ocr_line' id='line_1_30' title="bbox 134 2045 805 2112; baseline 0.001 -15"><span class='ocrx_word' id='word_1_178' title='bbox 134 2048 237 2097; x_wconf 85' lang='lat' dir='ltr'>Crethea</span> <span class='ocrx_word' id='word_1_179' title='bbox 243 2049 368 2096; x_wconf 81' lang='lat' dir='ltr'>Musarum</span> <span class='ocrx_word' id='word_1_180' title='bbox 376 2046 491 2101; x_wconf 84' lang='lat' dir='ltr'>comitem,</span> <span class='ocrx_word' id='word_1_181' title='bbox 497 2045 645 2095; x_wconf 78' lang='lat' dir='ltr'>cuicarmiuo</span> <span class='ocrx_word' id='word_1_182' title='bbox 651 2063 742 2112; x_wconf 76' lang='lat' dir='ltr'>temper</span> <span class='ocrx_word' id='word_1_183' title='bbox 757 2051 805 2098; x_wconf 81' lang='grc'>775</span> 
     </span>
     <span class='ocr_line' id='line_1_31' title="bbox 134 2110 759 2174; baseline 0.002 -14"><span class='ocrx_word' id='word_1_184' title='bbox 134 2112 167 2160; x_wconf 85' lang='lat' dir='ltr'>Et</span> <span class='ocrx_word' id='word_1_185' title='bbox 177 2111 273 2161; x_wconf 73' lang='lat' dir='ltr'>cithare</span> <span class='ocrx_word' id='word_1_186' title='bbox 285 2112 359 2166; x_wconf 87' lang='lat' dir='ltr'>cordi,</span> <span class='ocrx_word' id='word_1_187' title='bbox 369 2125 525 2174; x_wconf 69' lang='lat' dir='ltr'>numerusque</span> <span class='ocrx_word' id='word_1_188' title='bbox 535 2110 658 2160; x_wconf 85' lang='lat' dir='ltr'>intendere</span> <span class='ocrx_word' id='word_1_189' title='bbox 669 2113 759 2173; x_wconf 75' lang='lat' dir='ltr'>nervie3</span> 
     </span>
     <span class='ocr_line' id='line_1_32' title="bbox 134 2174 803 2240; baseline 0.001 -15"><span class='ocrx_word' id='word_1_190' title='bbox 134 2177 232 2240; x_wconf 84' lang='lat' dir='ltr'>Semper</span> <span class='ocrx_word' id='word_1_191' title='bbox 237 2191 316 2240; x_wconf 81' lang='lat' dir='ltr'>equos,</span> <span class='ocrx_word' id='word_1_192' title='bbox 321 2185 391 2240; x_wconf 79' lang='lat' dir='ltr'>etque</span> <span class='ocrx_word' id='word_1_193' title='bbox 397 2189 462 2222; x_wconf 81' lang='lat' dir='ltr'>arura</span> <span class='ocrx_word' id='word_1_194' title='bbox 469 2174 551 2230; x_wconf 79' lang='lat' dir='ltr'>virdun,</span> <span class='ocrx_word' id='word_1_195' title='bbox 556 2178 803 2240; x_wconf 76' lang='lat' dir='ltr'>pugnaequecunebot.</span> 
     </span>
     <span class='ocr_line' id='line_1_33' title="bbox 165 2239 676 2294; baseline -0.004 -4"><span class='ocrx_word' id='word_1_196' title='bbox 165 2241 271 2290; x_wconf 72' lang='lat' dir='ltr'>Tandem</span> <span class='ocrx_word' id='word_1_197' title='bbox 281 2241 398 2294; x_wconf 76' lang='lat' dir='ltr'>ductores,</span> <span class='ocrx_word' id='word_1_198' title='bbox 408 2239 489 2286; x_wconf 80' lang='lat' dir='ltr'>auditi</span> <span class='ocrx_word' id='word_1_199' title='bbox 498 2239 563 2286; x_wconf 81' lang='lat' dir='ltr'>cede</span> <span class='ocrx_word' id='word_1_200' title='bbox 573 2254 676 2294; x_wconf 83' lang='lat' dir='ltr'>enorum,</span> 
     </span>
     <span class='ocr_line' id='line_1_34' title="bbox 133 2303 775 2367; baseline -0.003 -13"><span class='ocrx_word' id='word_1_201' title='bbox 133 2305 286 2356; x_wconf 79' lang='lat' dir='ltr'>Conveniunt</span> <span class='ocrx_word' id='word_1_202' title='bbox 295 2304 388 2358; x_wconf 88' lang='lat' dir='ltr'>Teucri,</span> <span class='ocrx_word' id='word_1_203' title='bbox 400 2303 538 2351; x_wconf 78' lang='lat' dir='ltr'>Mnestheus</span> <span class='ocrx_word' id='word_1_204' title='bbox 549 2317 649 2367; x_wconf 75' lang='lat' dir='ltr'>acerque</span> <span class='ocrx_word' id='word_1_205' title='bbox 660 2304 775 2364; x_wconf 62' lang='lat' dir='ltr'>Serestum</span> 
     </span>
     <span class='ocr_line' id='line_1_35' title="bbox 133 2367 805 2435; baseline -0.003 -17"><span class='ocrx_word' id='word_1_206' title='bbox 133 2370 290 2435; x_wconf 73' lang='lat' dir='ltr'>Palanteaqne</span> <span class='ocrx_word' id='word_1_207' title='bbox 298 2367 741 2430; x_wconf 62' lang='lat' dir='ltr'>videntsocionmostemquereceptum.</span> <span class='ocrx_word' id='word_1_208' title='bbox 755 2373 805 2418; x_wconf 84' lang='grc'>780</span> 
     </span>
     <span class='ocr_line' id='line_1_36' title="bbox 133 2431 803 2495; baseline 0.003 -15"><span class='ocrx_word' id='word_1_209' title='bbox 133 2435 167 2484; x_wconf 86' lang='lat' dir='ltr'>Et</span> <span class='ocrx_word' id='word_1_210' title='bbox 182 2437 331 2492; x_wconf 72' lang='lat' dir='ltr'>Mnestheus,</span> <span class='ocrx_word' id='word_1_211' title='bbox 349 2433 403 2490; x_wconf 89' lang='lat' dir='ltr'>Quo</span> <span class='ocrx_word' id='word_1_212' title='bbox 420 2431 507 2478; x_wconf 85' lang='lat' dir='ltr'>deinde</span> <span class='ocrx_word' id='word_1_213' title='bbox 523 2431 612 2492; x_wconf 74' lang='lat' dir='ltr'>togam,</span> <span class='ocrx_word' id='word_1_214' title='bbox 628 2447 676 2495; x_wconf 92' lang='lat' dir='ltr'>quo</span> <span class='ocrx_word' id='word_1_215' title='bbox 692 2432 803 2482; x_wconf 70' lang='lat' dir='ltr'>tenditis?</span> 
     </span>
     <span class='ocr_line' id='line_1_37' title="bbox 139 2500 313 2550; baseline -0.011 0"><span class='ocrx_word' id='word_1_216' title='bbox 139 2547 140 2550; x_wconf 75' lang='grc'>,</span> <span class='ocrx_word' id='word_1_217' title='bbox 229 2502 238 2548; x_wconf 88' lang='lat' dir='ltr'>i</span> <span class='ocrx_word' id='word_1_218' title='bbox 271 2500 313 2548; x_wconf 84' lang='lat' dir='ltr'>uit.</span> 
     </span>
     <span class='ocr_line' id='line_1_38' title="bbox 130 2517 770 2624; baseline 0.002 -14"><span class='ocrx_word' id='word_1_219' title='bbox 130 2563 198 2620; x_wconf 84' lang='lat' dir='ltr'>Quoa</span> <span class='ocrx_word' id='word_1_220' title='bbox 210 2517 270 2614; x_wconf 58' lang='lat' dir='ltr'>elidi</span> <span class='ocrx_word' id='word_1_221' title='bbox 279 2578 364 2619; x_wconf 74' lang='lat' dir='ltr'>muros,</span> <span class='ocrx_word' id='word_1_222' title='bbox 375 2575 426 2624; x_wconf 75' lang='lat' dir='ltr'>que</span> <span class='ocrx_word' id='word_1_223' title='bbox 433 2557 485 2623; x_wconf 85' lang='lat' dir='ltr'>jam</span> <span class='ocrx_word' id='word_1_224' title='bbox 496 2557 558 2606; x_wconf 78' lang='lat' dir='ltr'>ultre</span> <span class='ocrx_word' id='word_1_225' title='bbox 567 2557 655 2606; x_wconf 71' lang='lat' dir='ltr'>meniu</span> <span class='ocrx_word' id='word_1_226' title='bbox 664 2560 770 2610; x_wconf 72' lang='lat' dir='ltr'>hebetia?</span> 
     </span>
     <span class='ocr_line' id='line_1_39' title="bbox 126 2621 741 2694; baseline 0.005 -19"><span class='ocrx_word' id='word_1_227' title='bbox 126 2626 196 2678; x_wconf 81' lang='lat' dir='ltr'>Uuua</span> <span class='ocrx_word' id='word_1_228' title='bbox 207 2630 286 2686; x_wconf 84' lang='lat' dir='ltr'>homo,</span> <span class='ocrx_word' id='word_1_229' title='bbox 295 2638 320 2680; x_wconf 85' lang='lat' dir='ltr'>et</span> <span class='ocrx_word' id='word_1_230' title='bbox 331 2624 421 2680; x_wconf 76' lang='lat' dir='ltr'>vesun,</span> <span class='ocrx_word' id='word_1_231' title='bbox 433 2639 448 2673; x_wconf 89' lang='grc' dir='ltr'><strong>ο</strong></span> <span class='ocrx_word' id='word_1_232' title='bbox 458 2622 528 2692; x_wconf 73' lang='lat' dir='ltr'>ciret.</span> <span class='ocrx_word' id='word_1_233' title='bbox 538 2621 643 2687; x_wconf 80' lang='lat' dir='ltr'>undique</span> <span class='ocrx_word' id='word_1_234' title='bbox 654 2633 741 2694; x_wconf 71' lang='lat' dir='ltr'>ceptae</span> 
     </span>
    </p>
   </div>
   <div class='ocr_carea' id='block_1_3' title="bbox 0 0 946 2924">
    <p class='ocr_par' dir='ltr' id='par_1_3' title="bbox 0 0 946 2924">
     <span class='ocr_line' id='line_1_40' title="bbox 0 0 946 2924; baseline 0 2"><span class='ocrx_word' id='word_1_235' title='bbox 0 0 946 2924; x_wconf 95' lang='lat' dir='ltr'> </span> 
     </span>
    </p>
   </div>
  </div>
 </body>
</html>
