1898 2934
135 121 185 168 100
342 115 507 168 AENEIDOS
523 115 581 166 Lrs.
591 117 614 166 Ι.

136 241 238 298 Dnrstc,
248 247 274 290 et
283 245 374 289 vosmet
383 239 454 288 rebus
465 246 556 289 servate
567 241 684 290 secundis.
772 264 775 270 ·

168 306 236 355 Tslie
246 321 305 356 vooe
315 306 403 366 relert5
418 305 527 369 curisque
538 305 674 368 ingentibus
685 321 747 370 teger

137 369 210 434 Spem
219 371 286 418 voltu
297 369 398 424 simulat,
409 370 496 433 premit
507 370 580 418 altum
591 372 663 420 corde
674 372 785 420 dolorem.

135 435 178 482 Illi
189 452 214 484 se
225 436 311 500 praedre
323 434 454 498 adciuguut
464 435 611 498 dapibusque
622 435 721 484 futuris:
765 441 814 486 210

134 499 240 564 Tergora
250 499 372 564 deripiunt
381 500 459 555 costis,
470 507 495 548 et
503 500 595 548 viscere
604 501 712 562 nudent3

136 563 196 613 Pers
206 565 232 612 in
243 565 319 612 frusta
329 573 417 620 secent,
427 564 567 629 veribusque
578 565 704 614 trement'n
714 565 806 630 figunt3

135 628 218 678 Litore
228 629 289 678 εὲιια
300 631 379 680 locunt
389 629 437 686 ulii,
446 630 596 694 flunrmnsque
607 630 754 692 ministrmt;

135 693 198 742 Tum
207 692 274 742 vietu
283 702 395 744 revocent
405 695 480 756 virer3
496 694 588 758 fusique
599 709 642 758 per
653 695 751 744 herbum

136 756 265 822 Inplentur
274 759 361 810 veteris
372 760 463 810 Bocchi
473 758 613 824 pinguisque
624 759 714 808 lerinoe.
766 762 816 810 215

98 829 100 832 ’
135 822 265 888 Postquam
275 833 369 874 exemto
379 825 453 873 fomes
462 823 547 887 epulis,
561 839 695 889 menseque
706 831 811 880 remote,

134 887 240 940 Amissus
250 890 321 954 longo
332 889 406 938 socios
416 903 522 938 sermone
532 888 671 953 requirunt;

134 951 253 1029 Spemque
263 962 397 1030 metumque
407 953 470 1002 inter
480 952 555 1009 dubii,
568 968 609 1002 seu
617 953 698 1002 vivere
705 953 814 1011 credunt,

135 1015 191 1068 Sive
202 1027 307 1069 exuema
317 1027 375 1084 petr,
386 1033 432 1067 nec
439 1017 490 1083 jem
501 1018 616 1066 exaudire
627 1027 729 1068 vocotus.

134 1082 260 1149 Praecipue
271 1085 324 1148 pius
334 1085 433 1138 AEnees,
443 1097 507 1132 nuno
519 1082 579 1132 soris
591 1083 685 1139 Oronti,
765 1086 814 1132 220

134 1147 161 1196 N
162 1164 209 1198 unc
219 1148 307 1214 Amyci
318 1164 397 1198 casum
408 1147 488 1213 gemit,
498 1156 523 1196 et
534 1148 639 1197 crudelia
650 1163 730 1197 secum

135 1212 195 1262 Feta
206 1215 275 1280 Lyci,
286 1215 418 1278 fortemque
429 1213 511 1278 Gyen,
522 1213 653 1278 fortemque
662 1212 817 1270 Cloanthum,
880 1234 884 1238 ·

168 1278 261 1343 Etjsm
272 1278 325 1327 finis
336 1287 399 1329 eretz
415 1293 488 1342 quum
497 1278 610 1342 luppiter
625 1279 714 1327 ethere
725 1291 815 1326 summo

132 1341 276 1408 Despioieus
287 1357 352 1392 mure
362 1342 496 1398 velivolum,
508 1350 627 1408 terresque
635 1343 751 1408 jacentes,

134 1406 271 1472 Litoraque,
282 1416 308 1454 et
318 1408 377 1455 letos
387 1407 494 1471 populos,
505 1407 538 1456 sic
549 1408 637 1456 vertice
649 1407 702 1455 coeli
767 1406 815 1455 225

136 1469 257 1526 Constitit,
267 1478 292 1517 ct
302 1471 387 1534 Libye
398 1471 482 1518 defixit
492 1471 581 1518 lumine
591 1470 677 1534 regnis.

135 1535 216 1599 Atque
226 1533 293 1582 illum
304 1534 363 1582 tales
370 1535 500 1598 jaetantem
512 1541 607 1596 pectore
617 1549 687 1582 cures

136 1598 243 1654 Tristior,
255 1606 279 1646 et
290 1597 392 1647 lacrimis
402 1596 481 1645 oculos
493 1597 582 1644 suffusa
592 1597 703 1653 nitentes,

135 1662 280 1728 Adloquitur
286 1663 380 1712 Venus:
398 1663 421 1712 0
429 1662 470 1726 qui
478 1677 515 1710 res
523 1662 691 1726 hominumque
698 1661 815 1726 delinque

134 1728 243 1778 AEternis
253 1727 315 1792 regis
325 1727 436 1792 imperiis,
448 1735 473 1776 et
483 1724 582 1775 fulmine
593 1735 674 1783 terres,
765 1731 814 1777 230

136 1793 202 1851 Quid
213 1809 280 1842 meus
291 1793 381 1842 AEuees
391 1793 417 1841 iu
428 1801 451 1841 te
463 1791 601 1840 conmittere
611 1799 712 1848 tuntum,

136 1858 202 1915 Quid
212 1859 285 1908 Trois
327 1859 409 1907 tuere?
426 1857 518 1922 quibus,
528 1863 564 1904 tot
575 1857 661 1904 funere
669 1855 751 1920 possis,

136 1923 244 1972 Cunctus
255 1925 287 1971 ob
313 1923 394 1972 talism
405 1931 521 1972 terrorum
531 1921 650 1970 clauditur
661 1921 740 1970 orbis?

172 1995 209 2036 rte
221 1988 276 2036 hinc
287 1987 409 2036 Romanos
419 1987 482 2042 olim,
493 1983 642 2034 volventibus
654 1987 730 2042 ennis,

162 2051 201 2100 inc
213 2053 264 2100 sore
275 2052 393 2108 ductores,
404 2059 514 2101 revocato
526 2066 541 2098 e
551 2051 666 2116 sanguine
674 2049 768 2106 Teucri,

136 2114 184 2172 Qui
197 2131 269 2172 ruere,
281 2116 321 2178 qui
332 2124 414 2173 terres,
425 2116 490 2165 omni
500 2115 590 2166 ditione
601 2125 718 2172 tenerent,
768 2118 816 2166 2³6

136 2179 265 2230 Pollicitus.
295 2181 355 2238 Quae
366 2189 398 2238 te,
410 2181 518 2236 Genitor,
529 2181 647 2230 sententie
657 2181 744 2229 vertit?

136 2244 191 2294 Hoc
201 2245 310 2310 equidem
321 2261 430 2295 oceasum
440 2245 518 2310 Trojre
529 2247 652 2311 tristesque
664 2247 744 2294 ruinas

136 2309 242 2367 Soleber,
254 2309 310 2359 fatis
319 2311 437 2359 contraria
448 2312 499 2359 sats
508 2313 650 2374 rependens.

135 2373 162 2422 N
163 2391 209 2424 unc
220 2375 303 2424 eudem
314 2375 410 2423 sortitus
419 2375 482 2423 viros
494 2381 530 2422 tot
538 2377 630 2424 ossibus
642 2381 708 2422 octos
768 2377 818 2426 240

135 2439 280 2506 Insequitur.
296 2439 374 2497 Quem
385 2442 428 2488 des
438 2441 517 2495 linem,
528 2439 584 2489 Rex
591 2435 685 2503 magne,
695 2437 818 2490 laborum?

136 2503 247 2554 Antenor
257 2505 342 2570 potuit,
352 2505 436 2554 mediis
447 2505 540 2569 elspsus
550 2504 656 2560 Achivis,

137 2567 247 2633 Illyricos
258 2578 383 2636 penetrare
394 2571 459 2619 sinus
468 2578 546 2634 etque
550 2570 633 2619 intima
642 2576 708 2618 tutus

133 2631 222 2698 Regna
233 2637 400 2696 Liburnorum,
410 2644 436 2688 et
447 2637 537 2686 fontem
544 2651 656 2704 superate
666 2632 758 2686 Timavi
764 2652 773 2698 5
