1878 2930
139 123 171 170 76
202 131 209 144 ¹
302 117 513 168 flnottfflcon
524 118 587 167 ⁴L1n.
599 119 650 169 ΙΙΙ.

141 239 273 316 Ardebant,
282 241 372 318 ipsique
382 257 442 297 suos,
451 242 502 307 jnrn
513 249 586 318 morte
596 243 640 290 sub
650 241 720 306 agri,

140 305 190 418 gli
200 305 295 354 meliora
306 321 358 370 pus,
368 321 515 371 erroremque
526 307 630 355 hostibus
639 307 706 356 illum
713 305 734 370 l)

82 413 84 418 .
167 370 256 419 iscissos
266 371 336 418 nudis
346 370 468 419 laniabunt
478 370 588 420 dentibus
598 380 668 420 artus.

141 435 205 484 ane
217 443 295 484 autem
305 435 364 482 duro
376 437 468 487 fumans
478 437 522 484 sub
531 451 625 484 vomere
633 444 714 484 taurus
769 437 822 487 515

142 498 260 555 Concidit,
269 506 293 548 et
302 500 400 548 mixtum
410 501 498 565 spumis
507 501 580 548 vomit
589 516 629 549 ore
640 516 754 556 cruorem,

143 563 312 629 Extremusque
321 565 368 613 ciet
378 567 484 630 gemitus
511 566 536 613 It
546 565 617 614 tristis
626 575 710 623 arator,

142 629 283 678 Maerentem
294 629 424 694 abjungens
434 630 538 678 fraterni
548 637 623 680 morte
630 631 776 696 juvencum

140 693 221 758 Atque
231 709 302 758 opere
311 695 337 742 in
345 696 423 743 medio
433 696 512 743 defixa
521 695 633 760 relinquit
643 705 727 746 mua
769 699 821 746 ⁵19

143 759 201 807 Non
209 759 298 808 umbre
309 759 408 808 altorum
415 774 546 816 nemorum,
555 775 604 808 non
613 761 692 810 mollia
702 768 800 826 possunt

142 823 215 872 Prata
225 839 319 873 movere
329 824 441 881 animum,
448 841 504 881 non,
511 825 552 890 qui
563 840 608 890 per
617 843 673 875 saxa
681 827 776 875 volutus

141 887 228 938 Purior
238 890 325 938 electro
336 905 445 954 campum
456 889 516 953 petit
526 891 614 938 amnis:
631 898 656 940 at
666 891 714 938 ima

137 951 271 1010 Solvuntur
280 954 361 1008 latera,
372 961 442 1016 stque
452 954 532 1002 oculos
540 962 622 1018 stupor
632 963 717 1018 urguet
723 955 820 1010 inertes,

141 1017 182 1068 Ad
192 1028 324 1082 terramque
332 1018 385 1065 fluit
391 1019 483 1067 devexo
493 1019 597 1082 pondere
608 1019 694 1068 cervix.
770 1023 821 1068 524

143 1083 208 1141 Quid
215 1084 287 1139 labor,
296 1090 336 1132 aut
343 1082 568 1148 benefactajuvnnt?
578 1084 636 1148 quid
643 1098 736 1132 vomere
745 1090 820 1132 terras

143 1148 269 1196 Invertisse
279 1147 376 1212 graves?
392 1149 457 1212 atqui
468 1163 516 1195 non
527 1148 631 1197 Massica
641 1148 730 1197 Bacchi

143 1213 255 1268 Munera,
265 1228 312 1260 non
322 1211 367 1259 illis
377 1213 453 1276 epulae
463 1227 567 1262 nocuere
577 1213 689 1277 repdstae:

141 1277 276 1337 frondibus
286 1285 311 1326 et
319 1277 382 1324 rictu
408 1286 519 1326 ascuntur
529 1277 640 1342 simplicis
650 1279 738 1327 herbar.

143 1340 233 1390 Pocula
243 1350 298 1390 sunt
307 1343 382 1389 sontes
391 1293 482 1405 Equidi
494 1350 563 1418 atque
573 1343 676 1391 exercita
685 1359 754 1392 cursu

143 1405 259 1461 Flumina,
269 1421 314 1454 nec
324 1421 415 1452 somnos
423 1407 543 1468 abrumpit
553 1421 611 1454 curn
621 1407 731 1455 salubres.
770 1408 819 1456 530

141 1470 258 1534 Tempore
267 1472 316 1518 non
327 1469 373 1516 alio
381 1468 464 1516 dicunt
473 1469 609 1531 regionibus
618 1469 663 1518 illis

143 1534 259 1589 Quaesitss
269 1534 299 1580 nd
309 1547 374 1580 sacra
384 1531 454 1578 boves
464 1532 573 1588 lunonis,
584 1541 608 1580 et
618 1534 666 1581 uris

141 1597 270 1661 Inparibus
281 1598 364 1644 ductos
375 1594 422 1642 alta
433 1596 462 1643 ad
472 1597 571 1644 donarm
581 1612 670 1646 currus.

142 1661 207 1726 Ergo
216 1677 277 1725 aegre
288 1661 366 1710 rustris
375 1667 462 1708 terram
472 1661 593 1716 rimantur,
600 1670 624 1710 et
634 1661 691 1726 ipsis

143 1727 270 1792 Unguibus
279 1726 399 1774 infodiunt
409 1725 495 1788 fruges,
506 1733 642 1791 montesque
652 1743 695 1790 per
705 1727 763 1774 altos

143 1791 263 1840 Contenti
272 1791 363 1841 cervice
371 1791 468 1838 trahunt
478 1791 599 1839 stridentia
610 1790 720 1854 plaustra
770 1795 817 1844 636

144 1857 200 1906 Non
212 1858 282 1922 lupus
291 1855 387 1905 insidias
398 1855 504 1920 explorat
514 1855 585 1904 ovilia
594 1857 690 1911 circum,

143 1921 169 1970 N
171 1937 199 1970 ec
209 1922 318 1986 gregibus
328 1929 457 1969 nocturnus
464 1921 613 1981 obambulat3
629 1921 703 1970 acrior
713 1921 780 1970 illum

143 1986 209 2034 Cura
220 1987 306 2034 domat.
330 1985 417 2034 Timidi
428 1987 503 2034 damae
514 1986 624 2050 cervique
633 1986 728 2050 fugaces

145 2051 218 2099 Nunc
227 2050 335 2114 interque
345 2065 415 2098 canes
425 2058 451 2098 et
460 2051 548 2100 circum
558 2060 622 2099 tecta
632 2059 753 2115 vagantur.
770 2053 817 2102 540

143 2115 159 2164 J
160 2131 197 2162 am
209 2115 279 2163 maris
288 2115 387 2162 inmensi
396 2116 492 2179 prolem,
500 2123 524 2164 et
531 2131 605 2180 genus
612 2132 681 2166 omne
689 2123 817 2171 nutantum,

143 2180 224 2238 Litore
234 2181 259 2227 in
270 2187 381 2235 extremo,
392 2195 436 2227 ceu
447 2181 562 2244 naufraga
571 2195 676 2245 corpora,
686 2183 771 2232 fluctus

145 2244 236 2292 Proluit
242 2262 249 2304 ;
265 2244 363 2292 insolitae
374 2244 468 2306 fugiunt
478 2245 503 2292 in
515 2246 611 2294 flumina
621 2247 711 2309 phocoe.

145 2309 231 2358 Interit
242 2317 266 2358 et
276 2309 353 2358 curvis
362 2309 448 2358 trustra
459 2310 557 2357 defensa
566 2310 661 2358 latebris

144 2375 243 2439 Vipera,
253 2382 277 2422 et
288 2373 387 2421 adtoniti
397 2374 499 2436 squamis
509 2375 655 2422 adstantibus
666 2373 744 2439 hydri.
771 2375 816 2422 545

145 2440 208 2504 Ipsis
217 2447 252 2488 est
263 2440 304 2488 sir
314 2439 395 2486 avibus
404 2453 451 2485 non
462 2455 550 2502 aequus,
560 2449 584 2487 et
594 2439 639 2486 illae

145 2503 283 2568 Prrecipites
294 2503 340 2552 alst
349 2502 421 2550 vitam
429 2504 473 2550 snb
484 2504 547 2552 nube
558 2504 699 2569 relinquunt.

145 2568 265 2624 Praeterea
272 2569 323 2634 jam
333 2583 377 2617 nec
388 2569 473 2616 mutari
483 2569 570 2633 pabula
580 2570 659 2622 refert.

145 2633 303 2702 Quaesitaeque
314 2640 399 2688 nocent
409 2641 483 2696 artes3
499 2649 588 2684 cessere
598 2632 709 2706 magistri.
