1888 2924
204 429 466 497 P.V1RG1LII
488 429 705 501 MARONIS

343 611 566 680 AENEIDOS

311 793 435 846 LIBER
458 797 600 848 NONUS.

121 1107 217 1161 Areua
228 1123 257 1156 ea
268 1106 360 1154 divana
370 1107 464 1170 ponitur
474 1109 531 1157 dum
542 1115 609 1173 parte
620 1117 741 1172 geruntur,

122 1172 182 1223 Irim
193 1173 225 1220 de
234 1171 293 1220 coelo
302 1171 364 1218 misit
374 1171 483 1220 Saturnia
492 1174 508 1222 J
509 1189 558 1222 uno

121 1235 245 1286 Audaoem
255 1237 286 1283 ad
295 1234 408 1284 Turnum.
442 1237 508 1286 Luco
517 1247 568 1285 tum
580 1236 640 1284 sorte
650 1238 753 1300 parantia

120 1299 225 1350 Pilumni
234 1300 335 1356 Turnus,
346 1299 436 1348 sacrati
446 1301 515 1357 valla,
525 1301 628 1349 radebat.

121 1363 163 1414 Ad
174 1379 244 1428 quern
254 1365 287 1414 aie
297 1380 364 1412 roseo
374 1365 541 1414 Thaumantias
551 1380 592 1413 ore
602 1365 680 1414 locuta
690 1373 738 1414 eat:
772 1367 788 1416 ⁵

120 1430 209 1486 Turne,
219 1431 281 1493 quod
293 1430 383 1493 optanti
395 1429 483 1479 Divdm
493 1431 627 1496 promittere
638 1445 707 1479 namo

119 1492 234 1552 Audaret,
244 1494 360 1544 volvenda
369 1495 427 1550 dies,
437 1511 476 1551 en.
487 1495 572 1544 adtulit
582 1495 650 1544 ultro.

119 1559 215 1617 AEneaa
226 1560 291 1616 urba,
302 1567 326 1610 et
337 1560 411 1616 sociis,
422 1569 447 1610 et
455 1562 529 1610 clarae
539 1559 628 1616 relicte,

120 1623 219 1690 Sceptra
228 1624 331 1674 Palatini
341 1626 465 1691 aedemque
475 1627 537 1692 petit
547 1624 660 1675 Evandri.

119 1688 787 1757 Necaatiarextremaacorythipanetravltudurbes;10
879 1712 881 1716 ·

119 1753 287 1820 Lydorumque
298 1772 400 1811 manum,
411 1757 528 1805 cordactoa
539 1763 613 1802 armat
622 1759 730 1815 agrantes.

120 1819 186 1877 Quid
201 1820 310 1868 dubitas?
327 1836 390 1868 nuno
407 1829 500 1883 tempus
515 1833 595 1880 equoa,
614 1831 677 1865 nunc
693 1830 787 1880 poooere

213 1899 302 1932 currua
758 1903 761 1908 ·

10 1911 11 1950 1
118 1946 215 2011 Rumpe
226 1963 301 1996 morae
311 1962 399 2002 omnes,
409 1955 434 1996 et
445 1946 539 1996 turbata
550 1944 633 2010 adripe
643 1952 725 1994 casua.

120 2011 197 2067 Dixit,
212 2012 272 2060 etin
283 2011 367 2060 omium
377 2011 473 2074 paribus
483 2026 508 2059 aa
518 2009 610 2058 sustulit
620 2009 675 2070 alia;

11 2103 12 2112 κ
118 2075 357 2152 Ingentemquafugt
367 2075 701 2124 aecuitaubnubibuaarcum.
755 2077 787 2126 15

118 2139 240 2205 Adgnovit
245 2140 347 2205 juvenis,
361 2141 511 2204 duplicesque
522 2142 553 2188 ud
563 2140 640 2188 sidera
649 2140 738 2204 palmea

119 2205 226 2261 Sustulit.
236 2213 260 2254 et
270 2206 312 2254 tali
322 2204 450 2282 lugientem
460 2215 496 2254 eat
506 2221 564 2254 rooe
574 2212 679 2254 amatus:

118 2270 162 2328 Iri,
173 2272 245 2320 deoua
252 2271 312 2326 omli,
322 2285 374 2335 quia
384 2279 407 2318 te
417 2270 476 2318 milri
486 2270 587 2318 nubibus
598 2277 674 2319 aotam

118 2335 212 2385 Detulit
221 2335 247 2384 in
256 2336 345 2385 terrm?
361 2335 425 2384 uude
436 2336 487 2385 haeo
497 2343 546 2384 tam
556 2335 620 2384 oiara
630 2338 728 2396 repente

117 2401 265 2466 Tempestas?
281 2400 383 2450 medium
394 2400 463 2450 viduo
473 2400 593 2450 diauadme
603 2398 695 2450 ooelum,
753 2399 785 2444 20

116 2465 271 2530 Palantaaque
279 2467 335 2531 polo
345 2465 428 2515 atellua
462 2466 550 2531 Sequor
560 2463 639 2512 omina
645 2466 720 2514 tanta,

117 2529 227 2594 Quiaquia
236 2531 262 2580 in
273 2547 338 2580 arma
346 2547 424 2580 vocas.
456 2532 489 2582 Et
500 2531 532 2580 uic
542 2529 627 2578 affatus
638 2525 668 2572 ad
680 2522 767 2573 undam

116 2593 238 2650 Ptoceaait‚
249 2611 383 2660 summoque
393 2597 472 2645 haurit
481 2597 512 2644 de
522 2590 613 2658 gurgite
624 2589 740 2664 lyrnth

16 2682 17 2700 π
115 2659 192 2710 Multa
202 2659 267 2710 Daoa
277 2675 346 2709 oraua
352 2678 360 2722 ς
375 2661 526 2726 oneravitque
536 2659 623 2708 athera
633 2661 699 2702 volu.
