1878 2930
145 121 176 166 12
312 109 504 167 ,Buconlcn
521 109 585 164 Ecu.
598 114 643 170 tv.

381 363 520 415 ECLOGA
536 364 583 416 IV.

440 494 521 544 Pollio.

144 629 283 678 Sicncrnus
295 624 382 680 Musa,
392 625 473 690 paullo
483 624 575 689 majore
585 641 711 692 cenamus3

144 695 201 742 Non
212 703 293 740 omnes
304 691 398 738 arbusto
405 692 492 756 juvant
503 690 649 755 humilesque
659 694 771 759 myricae3

144 759 169 808 si
180 757 285 806 canimus
295 755 371 811 silves,
381 757 446 805 silvae
457 755 504 802 sint
516 753 619 806 Consule
630 759 717 822 dignae.

176 822 265 872 Ultima
276 821 367 870 Cumaei
377 821 443 870 venit
448 819 500 884 jum
512 822 621 870 carminis
633 832 704 887 aetss;

144 887 248 952 Magnus
259 887 289 934 ab
300 886 391 950 integro
402 885 524 934 saeclorum
534 887 638 935 nascitur
649 891 714 938 ordo.
801 895 816 940 5

142 953 159 1002 J
161 968 197 1000 am
208 951 270 1000 redit
280 959 305 999 ct
314 953 403 1014 Virgo;
419 951 521 998 redeunt
531 951 642 1000 Setumia
652 969 740 1018 regne5

142 1017 158 1066 J
160 1034 197 1066 nm
208 1033 271 1066 nors
280 1017 405 1080 progenies
415 1015 474 1064 coelo
485 1015 617 1066 demittitur
627 1017 683 1067 alto.

141 1082 178 1130 Tu
190 1085 260 1132 modo
270 1081 375 1130 nascenti
386 1097 468 1144 puero,
478 1095 525 1142 qno
535 1082 613 1130 ferres
623 1083 728 1145 primum

142 1145 251 1204 Desinet,
259 1163 287 1196 oc
297 1155 347 1195 toto
357 1153 437 1212 surget
448 1160 505 1210 gens
516 1161 589 1194 aures
598 1149 696 1205 mundo,

142 1213 215 1262 Ceste
224 1215 278 1262 seve
289 1212 394 1261 Lucina:
411 1221 466 1260 tuus
473 1211 524 1276 jam
535 1219 618 1275 regnat
628 1213 722 1277 Apollo.
783 1219 815 1262 10

141 1278 222 1342 Teque
232 1280 292 1326 adeo
303 1279 375 1326 decus
385 1278 431 1327 hoc
442 1278 494 1332 evi,
505 1283 529 1324 te
540 1277 651 1333 Consule,
662 1278 739 1333 inibit,

141 1342 229 1405 Polli0;
246 1354 270 1392 et
280 1343 398 1409 incipient
405 1342 484 1405 magni
495 1344 623 1404 procedere
633 1359 732 1392 menses.

141 1407 177 1456 Te
187 1411 256 1462 duce,
268 1407 287 1454 si
297 1423 345 1469 qua
354 1416 460 1460 manent,
471 1405 563 1452 sceleris
573 1408 672 1470 vestigio
682 1407 755 1456 nostri

140 1472 218 1520 Inrita
228 1472 342 1534 perpetui
353 1469 444 1517 solvent
455 1469 581 1518 formidine
592 1480 673 1520 terras.

140 1536 185 1585 Ille
196 1535 266 1584 dedm
276 1536 349 1582 vitam
359 1533 469 1599 adcipiet,
480 1533 587 1598 divisque
597 1537 688 1585 videbit
781 1541 812 1588 1⁵

140 1601 272 1649 Permixtos
282 1601 373 1654 heroes,
387 1607 412 1647 ct
422 1599 473 1662 ipse
482 1599 602 1648 videbitur
611 1601 671 1663 illis;

138 1666 299 1730 Paestumque
309 1672 375 1727 reget
386 1663 467 1728 patriis
477 1665 602 1713 virtutibus
613 1667 702 1716 orbem.

138 1732 174 1784 At
184 1731 227 1778 tibi
238 1731 320 1795 prime,
331 1745 399 1793 puer,
408 1728 474 1777 nullo
484 1731 623 1778 munuscula
632 1731 706 1786 culto,

139 1797 252 1845 Errantes
262 1796 345 1844 ederes
356 1795 441 1859 passim
452 1809 506 1844 cum
516 1796 622 1852 baccare,
634 1797 710 1852 tellus,

138 1862 264 1925 Mixtaque
274 1861 361 1909 ridenti
371 1859 484 1908 colocasia
494 1861 580 1908 fundet
589 1862 697 1909 acantho.
779 1863 814 1911 20

138 1927 202 1992 Ipse
212 1927 274 1975 lecte
285 1927 381 1974 domum
391 1927 494 1974 reserent
504 1924 607 1973 distenta
615 1925 712 1988 capellus

138 1992 220 2042 Ubere
226 2009 234 2051 3
249 2006 294 2038 nec
305 2006 401 2054 magnos
408 1998 514 2038 metuent
524 1997 630 2038 armenta
640 1989 728 2038 leones.

137 2057 195 2120 Ipse
205 2055 249 2102 tibi
259 2055 357 2104 blandos
367 2057 469 2105 fundent
478 2055 597 2103 cunabula
606 2054 683 2102 flores.

137 2121 239 2172 Occidet
249 2128 274 2168 et
283 2135 385 2184 serpens,
395 2129 419 2169 et
429 2120 499 2168 fallax
510 2121 584 2168 herba
593 2119 680 2167 veneni

137 2186 252 2246 Occidet;
267 2184 390 2250 Assyrium
397 2185 468 2247 vulgo
478 2191 587 2232 nuscetur
597 2198 722 2231 amomum.
777 2185 811 2234 25

137 2251 180 2308 At,
190 2250 258 2300 simul
268 2251 366 2298 heroum
376 2250 457 2298 laudes
467 2257 491 2296 et
502 2249 565 2296 facts
574 2247 679 2313 parentis

138 2317 192 2366 Jsm
204 2316 289 2380 legere,
299 2324 324 2363 et
333 2331 385 2379 quse
396 2315 426 2360 sit
436 2312 522 2376 poteris
532 2327 671 2378 cognoscere
681 2310 759 2359 virtus
765 2329 774 2373 ;

137 2381 208 2428 Molli
219 2379 338 2446 paidlatim
349 2379 458 2425 flavescet
467 2393 563 2442 campus
573 2378 651 2434 aristi,

137 2445 283 2508 Incidtisque
293 2444 380 2492 rubens
389 2441 503 2506 pendebit
513 2442 618 2490 sentibus
628 2457 689 2501 υνυς

137 2509 170 2556 Et
180 2510 246 2557 durae
257 2523 356 2574 quercus
366 2506 485 2554 sudabunt
494 2508 586 2556 roscido
596 2506 671 2556 mello.
774 2507 810 2555 80

137 2573 218 2620 Pauca
227 2582 306 2622 temen
317 2573 430 2621 suberunt
439 2571 521 2634 priscae
532 2572 630 2636 vestigio
640 2567 738 2624 fraudis,

138 2637 199 2695 Quae
209 2643 300 2687 tentare
309 2637 404 2687 Thetin
412 2636 510 2694 ratibus,
520 2652 572 2702 que
582 2637 677 2702 cingere
687 2632 761 2682 muris
