1882 2924
318 122 482 174 AENEIDOS
498 121 555 177 un.
567 126 628 177 ΧΠ.
758 135 807 183 860

135 245 225 296 AEueas
234 251 332 298 mortem
341 254 431 302 conus,
445 261 593 310 pressusque
603 249 705 299 minetur
760 257 809 306 760
839 274 844 287 ·

137 310 251 368 Exitium,
263 313 282 359 si
291 313 414 376 quisquam
426 313 510 371 odeat5
526 320 644 376 terretque
654 323 787 375 trementes,

133 375 278 426 *Excisurum
290 379 372 426 urbem
382 377 501 430 minitans,
512 385 537 424 et
547 379 640 426 saucius
650 379 728 429 instat.

136 440 249 506 ,Quinque
260 442 328 490 orbes
338 442 434 506 explent
444 456 521 498 cursu,
531 441 675 506 totidemque
686 453 795 494 retexunt

138 505 194 554 Huc
204 506 268 554 illuc.
301 507 386 572 Neque
401 507 464 554 enirn
475 506 536 555 levia
546 515 586 554 aut
597 507 687 556 ludicra
698 519 811 574 petuntur

119 587 121 592 ·
138 570 254 620 ,Praenriaz
266 571 306 620 sed
313 573 387 622 Turni
394 574 424 620 de
431 571 480 618 viti
489 580 514 618 et
524 572 637 634 sanguine
648 583 746 625 certant.
762 580 811 626 765

136 635 211 692 Forte
221 652 286 684 sacer
294 637 376 686 Fauno
386 637 448 684 loliis
458 637 557 685 oleaster
569 637 652 684 animm

139 699 189 747 Hic
199 709 302 755 steterat,
313 703 391 751 nautis
401 702 456 749 olim
466 701 599 749 venerabile
610 701 716 765 lignum

140 763 232 812 Servati
242 783 272 814 ex
283 767 352 815 undis
363 767 403 815 ubi
414 767 485 830 ligere
497 767 560 814 dona
570 765 675 814 solebant

141 828 254 878 Laurenti
264 831 336 888 Divo,
347 841 371 880 et
382 840 448 880 votas
458 833 600 894 suspendere
611 840 693 880 vestes.

141 892 188 942 Sed
200 896 296 959 stirpem
303 897 387 946 Teucri
399 897 463 944 nullo
472 896 607 944 discrimine
618 910 708 944 sacrum
764 901 813 947 770

141 957 295 1014 Sustulerant,
306 977 366 1024 puro
377 969 403 1009 ut
414 969 507 1024 possent
517 976 656 1010 concurrere
667 977 757 1026 campo.

144 1023 193 1071 Hic
205 1025 361 1078 haetaAEneae
373 1027 464 1074 stabat:
482 1027 529 1074 huc
540 1027 634 1090 inpetus
643 1025 708 1075 illam

142 1088 275 1145 Detulerat,
286 1090 357 1140 fixam
368 1100 392 1139 et
403 1091 466 1140 lenta
476 1092 502 1139 in
513 1091 592 1141 radice
603 1092 706 1140 tenebat.

142 1152 264 1209 Incubuit,
278 1157 397 1220 voluitque
407 1171 478 1203 manu
489 1155 620 1204 convellere
630 1158 717 1205 serrum
766 1159 815 1206 stt

139 1218 301 1276 Dardanides,
311 1222 404 1284 teloque
414 1222 488 1284 sequi,
497 1235 567 1284 quem
576 1223 691 1283 prendere
702 1237 771 1269 cursu

144 1283 201 1332 Nou
213 1293 311 1347 poterat.
343 1286 403 1334 Tum
414 1301 470 1334 vero
486 1299 566 1333 amens
577 1285 701 1334 formidine
711 1287 812 1341 Turnus,

143 1347 233 1404 Faune,
239 1365 330 1413 precor,
338 1350 455 1404 miserere,
460 1349 547 1412 iuquit;
555 1357 626 1413 tuque
634 1351 814 1412 optimsserrurn

142 1413 216 1462 Terra
226 1424 293 1476 tene,
309 1415 370 1464 colui
382 1422 469 1462 vestros
480 1413 499 1460 si
510 1429 602 1476 semper
612 1415 719 1471 bonores,

144 1478 210 1535 Quos
221 1489 304 1528 contra
310 1480 423 1529 AEnesde
435 1479 496 1526 bello
507 1479 584 1528 secere
595 1481 713 1542 profanos.

144 1542 221 1599 Dixit,
231 1560 347 1608 opemque
357 1545 405 1593 Dei
416 1559 464 1592 non
474 1559 539 1592 cassa
549 1544 574 1591 in
583 1552 637 1593 vota
644 1545 743 1598 vocavit.
766 1548 816 1594 780
871 1520 874 1529 .
933 1579 934 1588 ,

144 1607 256 1672 Namque
264 1609 306 1657 diu
316 1609 415 1664 luctans,
425 1610 535 1672 lentoque
545 1609 570 1657 in
581 1610 652 1673 stirpe
663 1619 773 1666 moratus,

144 1673 242 1721 Viribus
252 1675 317 1722 haud
328 1675 381 1724 ullis
390 1674 464 1723 valuit
473 1674 606 1722 discludere
617 1689 705 1723 morsus

143 1736 248 1787 Roboris
256 1741 352 1788 AEnens.
385 1741 451 1788 Dum
462 1740 544 1786 nititur
555 1753 608 1784 acer
615 1745 640 1784 et
649 1738 728 1794 instat,

145 1802 238 1851 Rursus
248 1804 273 1850 in
285 1806 372 1868 aurigas
383 1805 467 1852 faciem
479 1809 568 1850 mutate
579 1801 674 1849 Metisci

145 1865 274 1923 Procurrit,
284 1870 398 1932 fratrique
407 1883 487 1916 ensem
496 1867 550 1914 Dea
558 1865 655 1914 Daunia
665 1866 743 1914 reddit
751 1884 759 1927 3
769 1867 817 1915 tas

145 1931 217 1987 Quod
228 1933 310 1980 Venus
320 1932 404 1980 audaci
413 1933 437 1980 N
457 1931 534 1995 mpbta
544 1930 666 1993 indignata
675 1931 754 1986 licere,
790 1931 796 1946 '

147 1993 264 2050 Adcessit,
274 1997 392 2060 telumque
404 1997 424 2043 tal
462 1997 491 2043 ab
502 1993 581 2044 redire
592 1994 689 2044 revellit.

142 2057 197 2108 olli
208 2060 325 2116 sublimes,
339 2061 408 2109 armis
418 2061 546 2124 animisque
557 2060 647 2115 relecti,

147 2122 196 2172 Hic
206 2123 284 2186 gladio
296 2126 379 2181 fidens,
389 2127 428 2174 hic
439 2133 527 2174 sceret
538 2126 625 2173 arduus
636 2125 711 2180 busti,

146 2187 273 2236 Adsistunt
282 2200 365 2240 contm
374 2190 501 2239 certamine
512 2189 598 2238 Martis
609 2190 694 2238 anheli.
770 2190 819 2236 790

179 2254 299 2304 Jmtonens
309 2255 400 2304 interea
410 2255 463 2304 Rex
475 2255 640 2318 omnipotentis
651 2253 749 2317 Olympi

148 2317 300 2382 Adloquitur,
315 2321 380 2368 fulvi
391 2335 481 2383 pugnas
491 2321 521 2368 ds
533 2319 596 2368 nube
606 2326 726 2366 tuentem:

146 2383 208 2440 Quae
216 2385 268 2449 jann
279 2385 331 2434 linis
341 2385 394 2439 erit,
404 2384 523 2462 conjunx?
539 2383 597 2448 qnid
607 2383 710 2446 deniqne
719 2381 809 2430 restat?

147 2446 282 2512 Indigetem
288 2449 380 2500 AEneau
391 2450 435 2498 scis
445 2465 504 2513 ipsa,
515 2457 540 2496 et
550 2448 609 2496 scire
620 2447 708 2502 fateris,
793 2487 795 2491 .

150 2511 240 2564 Deberi
250 2516 317 2570 coelo,
329 2515 429 2579 latisque
440 2516 471 2564 sd
482 2514 560 2562 sidera
569 2512 627 2561 tolli.
731 2559 733 2562 ,
772 2511 822 2560 795

149 2575 215 2635 Quid
225 2581 314 2652 sumai·
326 2589 368 2632 aut
377 2579 425 2646 quit
434 2595 477 2650 spe
487 2577 606 2695 gelidibin
612 2577 717 2692 pubibus
728 2575 821 2630 hereat

591 2659 601 2692 r

766 2699 772 2726 l
