1898 2934
328 123 489 175 AEunlnos
505 125 561 175 Lm.
574 124 610 175 11.
761 131 809 178 121

128 247 300 310 Ardentesque
310 247 390 296 oculos
400 247 494 296 suffecti
504 248 618 312 sangiune
628 254 653 296 et
662 248 720 312 igni,
759 255 808 300 210

129 312 208 360 sibila
218 312 353 361 lambebant
363 311 448 376 linguis
458 312 604 362 vibrantibus
613 327 661 362 ora.

129 377 280 440 Diffugimus
289 377 342 426 visu
352 392 488 442 exsangues.
517 377 557 425 Illi
567 379 660 442 agmine
670 387 735 428 certo

129 443 269 490 Laocoonta
279 449 371 505 petunt.
398 441 431 490 Et
440 443 542 506 primum
553 459 626 506 perra
635 445 737 494 duorum

116 517 119 522 ’
130 507 239 570 Corpora
250 518 360 554 natorum
371 521 466 571 serpens
477 507 598 572 amplexus
609 515 706 574 uterque

130 569 281 634 Inplicatos
291 571 386 620 miseros
397 587 474 620 monn
485 572 620 636 depascitur
631 582 710 636 αττηις
758 574 810 623 215

130 635 191 684 Post
200 637 286 700 ipsum,
295 636 382 684 auxilio
392 637 531 688 subeuntem
540 652 568 685 ac
579 637 626 685 tela
635 639 758 695 ferentem,

130 700 285 766 Conripiunt,
295 701 408 764 spirisque
419 702 493 764 ligant
503 701 653 765 ingentibus3
668 714 693 751 et
700 704 752 768 jam

131 765 176 812 Bis
187 766 290 813 medium
301 766 410 830 amplexi,
421 767 457 815 bis
467 766 527 816 collo
538 781 649 829 squamea
658 768 746 816 circum

130 829 210 894 Terga
220 830 277 886 dati,
288 840 400 894 superant
409 831 488 894 capite
498 839 523 879 el
533 831 664 878 cervicibus
675 833 734 880 altis.

130 894 179 943 llle
190 895 257 944 simul
268 896 376 944 manibus
386 897 463 944 tendit
473 894 585 944 divellere
594 896 677 951 nodos,
757 901 806 947 220

130 958 246 1011 Perfusus
257 961 322 1010 sanie
332 962 401 1009 vittas
413 969 509 1024 atroque
519 975 626 1021 veneno3

132 1023 253 1073 Clamores
264 1025 331 1073 dmul
342 1026 471 1074 horrendos
483 1026 513 1074 ad
523 1025 600 1074 sidera
610 1023 670 1073 tollit
676 1042 686 1085 ;

133 1088 222 1147 Quales
232 1091 341 1154 mugitus,
351 1091 412 1154 fugit
422 1106 495 1156 quum
505 1091 597 1138 saucius
608 1105 672 1138 aram

131 1153 232 1210 Taurus,
243 1164 268 1204 et
277 1157 392 1204 incertam
401 1155 503 1204 excussit
513 1155 605 1202 cervice
615 1153 721 1202 securim.

34 1225 42 1242 ·
133 1219 168 1267 At
178 1219 266 1283 gemini
276 1219 344 1284 lapsu
354 1220 453 1268 delubra
463 1221 494 1266 ad
504 1235 594 1266 summa
604 1220 718 1266 dracones
758 1219 808 1268 225

133 1283 268 1348 Effugient,
278 1300 391 1348 anumque
402 1292 487 1347 petunt
495 1283 623 1331 Tritonidis
634 1297 725 1341 arcem3

134 1347 185 1396 Sub
195 1349 341 1414 pedibusque
352 1351 411 1398 Dese
422 1349 536 1412 clipeique
548 1348 591 1396 sub
602 1349 659 1396 orbe
670 1355 789 1410 teguntur.

133 1413 195 1460 Tum
206 1429 262 1462 vero
271 1415 409 1463 tremefacta
419 1429 493 1462 novus
504 1429 547 1478 per
557 1422 653 1477 pectora
664 1412 755 1461 cunctis

134 1477 245 1526 Insinuat
256 1495 329 1543 pavor
335 1499 343 1541 ;
358 1489 383 1528 ct
393 1480 467 1528 scelus
478 1478 616 1544 expendisse
627 1486 755 1528 merentem

134 1543 271 1594 laocoontis
281 1544 368 1601 ferunt,
379 1559 469 1594 sacrum
481 1546 521 1610 qui
531 1545 629 1610 cuspide
639 1543 711 1592 robur
758 1545 806 1593 230

133 1607 241 1664 Laeserit,
251 1618 275 1658 et
285 1618 351 1673 tergo
361 1611 497 1659 sceleratum
507 1610 626 1658 intorserit
637 1611 734 1657 hastam.
802 1646 805 1652 .

133 1672 278 1722 Ducendum
289 1676 320 1722 ad
331 1677 397 1724 sedes
406 1676 563 1731 simulacrum,
573 1675 709 1738 orandaque
720 1673 790 1720 Divae

133 1737 242 1786 Numina
251 1740 406 1789 conclamant.

134 1801 270 1852 Dividimus
280 1819 365 1860 muros,
376 1814 400 1853 et
410 1805 497 1853 muenia
507 1801 632 1867 pandimus
643 1801 714 1850 urbis.

133 1867 274 1932 Adcingunt
283 1885 364 1918 omncs
374 1869 447 1934 operi,
458 1869 604 1934 pedibusque
614 1873 718 1913 rotarum
759 1865 808 1913 235

134 1931 268 1997 Subjiciunt
277 1933 364 1998 lapsus,
374 1945 399 1983 et
409 1943 509 1998 stuppea
519 1929 614 1980 vincula
622 1929 683 1978 collo

134 1995 274 2047 Intendnnt.
301 1999 399 2048 Scandit
408 1999 487 2047 fatalis
496 1996 606 2044 machina
614 2009 701 2051 muros,

133 2061 193 2109 Feta
203 2065 290 2112 armis.-
307 2064 379 2126 Pueri
389 2063 477 2112 circum
487 2063 639 2126 innuptaeque
650 2060 733 2125 puellm

134 2125 207 2175 Socra
216 2137 313 2184 canunt,
324 2131 451 2192 funemque
462 2143 533 2175 manu
547 2127 683 2190 contingere
693 2126 806 2191 gaudent.

133 2190 181 2241 Illa
190 2192 261 2250 subit,
271 2195 401 2258 medieque
409 2193 501 2241 clinans
510 2191 622 2240 inlabitur
632 2191 692 2238 urbi.
757 2193 807 2238 240

134 2253 157 2304 0
169 2259 253 2321 patria,
263 2275 278 2306 o
289 2259 378 2308 Divdm
388 2259 471 2306 domus
480 2258 560 2312 llium,
570 2265 595 2304 ct
604 2257 694 2304 incluta
703 2253 765 2302 bello

132 2319 226 2373 Meuia
236 2321 415 2372 Dardaniduml
432 2330 516 2386 quater
525 2323 577 2386 ipso
587 2321 613 2369 in
623 2321 703 2369 limine
714 2324 789 2381 porta
810 2337 819 2354 ο

133 2383 249 2444 Substitit,
259 2399 330 2454 etqua
341 2397 408 2436 utero
419 2389 520 2436 sonitum
530 2395 613 2451 quater
624 2400 689 2432 arma
697 2382 807 2429 dedere„

133 2448 252 2500 Instemus
262 2462 342 2502 tamen
352 2454 491 2500 inmemores
501 2452 604 2514 caecique
615 2450 702 2500 furore

133 2511 167 2560 Et
177 2526 306 2565 monstrum
315 2517 398 2565 infelix
409 2517 498 2564 sacratd
508 2515 609 2562 sistimus
619 2525 680 2556 arce·
758 2509 808 2558 245

132 2575 201 2624 Tunc
213 2581 282 2628 etiam
295 2583 349 2629 latis
359 2581 435 2642 aperit
446 2579 580 2628 Cassaadra
589 2573 674 2620 futuris

135 2639 194 2696 Ora,
206 2641 252 2690 Dei
259 2645 327 2707 jussu
338 2659 386 2692 nou
397 2658 500 2705 unquam
511 2633 714 2748 creditzTeucris.
