1888 2924
277 179 280 184 ,
319 137 479 188 AENEIDOS
495 139 551 188 Lus.
563 139 610 190 lx.
754 145 802 194 28³

129 257 243 314 Stridom,
254 258 400 324 trajectoque
410 260 477 308 hesit
487 259 605 324 tepefacto
614 263 718 310 cerebro.
749 268 798 314 419

129 322 201 370 Serit
212 331 278 372 atrox
289 324 411 377 Volscens,
421 338 466 371 nec
477 324 517 372 teli
528 324 643 386 conspicit
654 341 750 390 usquam

128 386 265 444 Auctorem,
275 404 319 436 nec
330 386 377 452 quo
388 403 413 436 se
424 389 508 436 sidens
519 387 636 437 inmittere
647 391 726 454 possit.

127 452 164 499 Tu
175 461 254 502 umen
265 453 356 502 intereo
365 452 442 500 calido
452 453 509 500 mihi
520 452 633 562 muffulne
645 469 726 518 poenss

127 515 250 566 Persolres
260 518 388 572 amborum,
400 516 487 581 inquit;
506 517 565 564 simu
575 533 641 566 cnse
651 520 742 569 recluso

126 580 183 630 Ibnt
192 581 217 630 in
229 581 365 646 Euryalum.
381 581 442 628 Tum
449 597 505 629 vero
511 582 641 637 exterritus,
653 600 732 634 umeuu

126 643 265 695 Conclamat
275 646 361 705 Nisus;
377 661 420 694 nec
432 661 456 694 se
467 646 543 694 celare
550 646 653 694 tenebris
747 653 796 700 425

125 709 242 774 Amplius,
253 717 294 758 cut
304 717 395 758 tautum
407 711 483 776 potnit
492 711 597 775 perferre
608 711 723 763 dolorem:

125 773 177 828 Me,
188 791 226 822 me
236 774 340 838 (adsum,
349 775 390 839 qui
401 773 467 837 feci),
478 775 503 823 in
514 790 551 823 me
560 777 689 825 convertite
700 779 795 844 ferrum,

125 838 148 886 0
160 838 256 887 Rutuli!
273 855 326 888 meu
335 841 399 888 tram
409 840 499 902 omnis3
514 839 573 888 nihil
583 839 627 887 iste
638 856 681 889 nec
692 858 768 901 susus,

124 902 178 952 Nec
218 904 274 952 tuit:
288 905 372 954 coslum
381 903 643 953 hocetconsciusiders
649 913 735 957 testor.»

123 967 224 1018 Tantum
235 969 353 1018 infelicem
362 967 458 1017 nimium
469 969 670 1028 dilexitumicuuu
746 976 795 1024 430

122 1031 190 1080 Tulin
200 1034 265 1083 dictu
274 1034 346 1082 dabat
355 1052 363 1094 ;
378 1035 419 1081 sed
430 1031 519 1081 viribus
529 1034 591 1082 ensis
603 1035 699 1084 eductus

123 1096 256 1146 Transcbiit
266 1106 348 1153 costus,
357 1106 381 1146 et
391 1097 494 1145 candidu
503 1107 599 1163 pectora
608 1100 703 1164 rumpit.

123 1160 233 1210 Volvitur
244 1162 362 1226 Euryalus
371 1162 427 1217 leto,
437 1162 576 1238 pulcrosque
586 1178 630 1226 per
641 1173 704 1214 artus

123 1224 149 1273 It
164 1241 241 1337 crnoss,
263 1227 336 1290 inquo
354 1227 462 1274 humeros
480 1241 560 1276 cervix
577 1228 688 1292 conlapsa
703 1245 794 1281 mum.

236 1289 254 1336 it
258 1307 266 1351 ;

122 1351 259 1416 Purpureus
269 1353 342 1402 veluti
349 1369 403 1402 cum
413 1353 464 1408 llos,
475 1355 576 1404 succisus
586 1362 672 1411 miro,
746 1363 795 1410 435

121 1417 264 1482 Longuescit
274 1418 387 1480 morlens3
402 1418 491 1467 lcssove
503 1434 622 1484 papavere
632 1419 692 1471 collo'

8 1457 9 1486 ἶ
81 1525 83 1529 .
122 1482 244 1532 Demisere
254 1491 333 1548 caput,
344 1483 423 1548 pluvii
434 1499 488 1532 cum
498 1485 559 1534 forto
569 1495 701 1548 gravantur.

121 1546 156 1596 At
166 1547 239 1596 Nisus
250 1549 298 1597 ruit
305 1549 332 1596 in
343 1549 440 1604 medios,
450 1549 569 1614 solumque
580 1565 623 1614 per
632 1568 712 1601 omnes

117 1611 268 1662 Volscentem
279 1613 352 1678 petit;
367 1613 393 1662 in
403 1613 451 1661 rolo
462 1615 588 1664 Volsoentc
598 1627 714 1666 moretm:

121 1676 198 1736 Quem
205 1678 294 1792 clinnum
302 1678 422 1744 glomersti
430 1679 515 1736 hostes,
522 1679 579 1728 hinc
586 1682 715 1730 comminus
723 1691 793 1748 atque

233 1744 239 1755 ‘
257 1761 271 1794 o
746 1752 795 1795 440

119 1805 269 1856 Proturbunt.
302 1809 380 1856 Instst
390 1821 438 1856 uon
449 1808 532 1860 secius,
542 1821 570 1854 oc
581 1813 643 1854 rotat
654 1823 734 1858 ensem

118 1869 281 1933 Fulmineum
296 1874 372 1920 donec
383 1871 468 1919 Rutuli
478 1868 600 1919 clamantis
609 1870 635 1917 in
646 1887 687 1920 ore

119 1933 232 1982 Condidit
243 1937 348 1991 adverso,
359 1944 383 1983 et
393 1934 494 1982 moriens
504 1933 605 1981 unimam
616 1935 712 1984 obstulit
722 1938 791 1988 hosti.

118 1998 180 2046 Tum
190 2013 261 2063 super
271 2000 402 2047 exanimem
413 2014 463 2047 sese
473 1997 572 2062 projecit
582 1999 682 2050 amicum
741 2008 791 2055 444

118 2061 254 2118 Confossns,
264 2063 403 2138 placidique
413 2062 446 2110 ibi
457 2062 552 2110 demum
562 2071 636 2112 morte
646 2067 742 2130 quierit.

151 2127 274 2176 Fortunati
284 2128 365 2175 umbo!
383 2127 402 2175 si
412 2126 469 2191 quid
480 2141 533 2174 meu
541 2128 645 2178 carmine
654 2139 759 2195 possunt,

118 2191 194 2241 Nullo
204 2192 255 2241 dies
266 2208 375 2256 umquem
386 2191 482 2240 memori
492 2207 533 2239 vos
542 2191 629 2242 eximet
639 2210 698 2252 aevo,

90 2301 93 2310 κ
117 2255 183 2305 Dum
192 2257 275 2306 domus
286 2257 370 2306 AEneae
381 2255 485 2320 Capitoli
491 2256 602 2306 inmobile
611 2274 692 2308 saxum

116 2319 318 2387 Adcolet‚imperi
375 2329 479 2384 nepotes·
487 2320 607 2370 &manus
616 2324 719 2373 habebit.

150 2387 259 2437 Victores
269 2387 349 2452 prodi
385 2386 443 2434 utnli
455 2385 579 2450 spoliisque
591 2387 665 2450 potiti,
740 2394 789 2441 450

116 2449 269 2502 Volsoentem
280 2452 413 2502 exanimum
423 2451 507 2500 flentes
516 2452 542 2498 in
552 2461 628 2500 cestro
638 2452 751 2502 ferebant.

116 2514 174 2564 Nec
184 2517 260 2567 minor
270 2518 295 2566 in
307 2518 388 2567 cestris
398 2517 481 2572 luctus,
492 2516 627 2564 Rhamnete
637 2525 730 2579 reperto

11 2619 12 2622 η
117 2579 249 2647 Exssngni,
258 2591 283 2632 et
293 2583 374 2648 primis
382 2581 432 2633 nul
440 2587 477 2632 tot
486 2580 552 2631 code
562 2579 679 2644 peremtis,
