1888 2924
158 113 209 159 ‘264
334 103 496 156 AENEIDOS
512 104 568 154 Lm.
579 105 654 154 VIII.

162 227 292 279 Suceedum
302 229 390 283 castris,
400 227 570 293 Tyrrhenaque
579 243 652 292 regna
662 243 789 290 capessam.

162 292 209 340 Sed
220 293 277 341 mihi
287 295 355 342 tarde
366 293 419 357 gelu
430 294 549 356 anulisque
560 293 630 342 effeta
640 301 750 342 senectus

162 357 259 406 Invidet
270 359 399 422 imperinm,
410 373 513 423 seneque
524 360 555 406 ad
565 357 634 406 fortiu
643 357 711 404 vires.

162 422 253 470 Natum
262 425 406 479 exhortarer,
416 424 442 472 ni
452 425 538 471 mixtus
548 431 620 470 matre
631 421 724 470 Sabelle
779 427 833 475 510

162 487 226 535 Hine
237 496 327 550 partem
338 489 419 551 patriae
430 491 540 537 traheret.
567 489 611 543 Tu,
621 487 688 552 cujus
698 495 723 535 et
734 489 804 536 annia

161 551 194 599 Et
204 553 284 616 generi
293 553 343 600 fatu
352 553 482 616 indulgent,
492 569 561 617 quern
572 552 668 600 numina
677 562 786 615 poeeunt,

162 615 435 679 Ingredere,uTeucri1m
442 626 512 682 atque
516 616 603 666 Italllm
609 617 731 665 fortissime
736 619 831 668 ductor.

162 679 234 728 Hunc
245 681 288 729 tibi
299 693 419 746 preterea,
431 698 483 746 spes
494 691 518 731 et
529 683 611 730 eulatie
620 681 700 736 nostri,

161 743 270 795 Pallanta
279 747 420 812 adjungam:
437 748 480 794 sub
491 755 515 795 te
525 747 625 796 tolerare
635 747 744 810 magistro
780 750 831 798 515
930 733 931 736 ¹

161 809 272 860 Militiam
283 822 308 860 et
317 828 388 875 grave
399 812 485 859 Martis
494 827 562 875 opus,
572 820 614 859 tua
623 826 720 860 eernere
730 814 793 860 laeta

158 873 300 931 Adsuescat,
310 877 390 940 primis
401 884 425 923 et
435 885 460 924 te
470 877 567 924 miretur
578 877 608 925 ab
619 877 692 924 anule

161 939 267 990 Arcadas
278 942 332 990 huic
343 943 432 1004 equites
442 940 478 987 bie
488 951 591 994 eentum,
602 941 686 988 robora
695 941 766 1002 pubis

161 1005 244 1063 Lecta,
254 1006 330 1065 deb0;
345 1006 489 1068 totidemque
499 1021 541 1054 suo
552 1006 595 1053 tibi
606 1005 699 1068 nornine
710 1006 795 1054 Pallas.

193 1071 241 1119 Vix
251 1087 281 1118 ea
291 1071 428 1130 sumserat,
444 1071 561 1134 defixique
571 1086 613 1117 ora
619 1071 732 1118 tenebant
779 1075 829 1120 520

160 1135 250 1182 AEueaa
260 1135 415 1183 Anchisiedea
424 1142 449 1182 et
460 1135 520 1182 fidus
530 1136 641 1189 Achates,

159 1199 285 1264 Multaque
296 1200 356 1247 dure
366 1215 408 1248 suo
419 1198 479 1248 tristi
489 1215 543 1248 eum
553 1201 624 1248 corde
635 1199 764 1262 putabant3

159 1264 185 1313 N
186 1264 195 1310 i
204 1266 296 1328 signum
306 1265 365 1314 coelo
375 1265 496 1330 Cytherea
505 1265 607 1312 dedisset
616 1273 704 1328 aperto.

160 1328 270 1394 Namque
279 1330 398 1393 inproviso
407 1330 511 1377 vibratur
522 1331 551 1377 ab
562 1331 649 1378 aetlrere
660 1329 737 1392 fulgor

160 1393 222 1441 Cum
233 1395 310 1442 sonitu
320 1395 428 1450 renitet
438 1409 506 1441 ruere
517 1394 595 1441 omnia
602 1394 652 1441 visa
659 1409 684 1441 re
716 1402 765 1450 nte,
779 1395 829 1445 525

158 1455 340 1521 Tyrrhenusque
350 1459 413 1506 tuboe
423 1458 514 1518 mugire
524 1474 567 1520 per
577 1459 665 1506 aetheru
675 1473 688 1504 c
698 1473 778 1520 angor.

158 1519 308 1584 Surpiciunt5
328 1521 413 1567 iterum
432 1530 502 1583 atque
521 1522 606 1569 iterum
617 1523 701 1583 -fragor
719 1522 829 1587 increpat

159 1645 232 1696 Arma
242 1599 407 1703 iiiiiiirbem,
418 1648 470 1696 coeli
481 1647 506 1694 in
517 1649 612 1712 regione
623 1649 712 1704 serent,

158 1713 207 1762 Per
217 1715 300 1762 sudum
311 1713 406 1762 rutilare
415 1713 505 1768 vident,
516 1721 540 1760 et
550 1714 618 1776 pulsa
628 1719 717 1762 tonare.

159 1779 308 1843 Obstupuere
319 1777 401 1827 animia
411 1777 465 1838 alii;
481 1779 522 1825 aed
532 1778 616 1826 Troius
626 1777 694 1825 heros
776 1783 828 1830 530
930 1805 931 1812 ¹

157 1842 264 1906 Agnovit
274 1844 375 1892 sonitum
386 1851 411 1892 et
420 1843 490 1894 Dirae
501 1843 612 1908 promissa
623 1842 733 1905 perenne

157 1908 219 1956 Tum
233 1918 359 1957 memorat:
382 1909 422 1958 Ne
437 1924 500 1963 vero,
519 1908 610 1972 hospes,
628 1923 658 1956 ne
676 1921 755 1972 quaere
772 1924 827 1972 pro-

215 2007 218 2010 -
253 1975 324 2030 lecto,

158 2035 235 2092 Quem
246 2050 325 2085 casum
336 2045 444 2101 portenta
453 2037 544 2098 feraut3
559 2053 603 2100 ego
613 2051 696 2101 poscor
707 2036 819 2102 Olympo.

156 2098 210 2147 Hoc
220 2099 312 2162 signum
322 2101 408 2150 decinit
417 2102 538 2150 missurum
549 2102 613 2150 Diva
622 2101 730 2157 creatrix,

156 2163 183 2216 si
192 2163 280 2212 bellum
290 2165 410 2228 ingrueret
416 2185 424 2229 ς
441 2167 601 2231 Volcaniaque
612 2183 676 2214 erma
686 2181 729 2230 per
739 2179 808 2212 auras

156 2228 268 2278 Lutumm
279 2229 372 2278 auxilio.
775 2233 826 2280 536

158 2294 214 2341 Heu
224 2303 317 2357 quantae
328 2293 416 2340 miseris
426 2294 502 2342 cedes
513 2294 670 2343 Laurentibus
678 2291 777 2340 inatautl

157 2357 223 2416 Quas
238 2375 318 2424 poenas
333 2358 398 2413 mihi,
412 2358 499 2413 Turne,
514 2359 594 2406 dabir!
610 2373 680 2422 quum
695 2355 769 2404 multa
779 2358 825 2406 sub

253 2425 328 2472 undas

157 2484 230 2536 Senta
240 2487 316 2536 virdm
326 2485 448 2551 galeasque
458 2495 482 2532 et
492 2485 562 2532 fortia
572 2499 671 2549 corpora
679 2484 768 2540 volves,

155 2547 246 2612 Thybri
258 2553 338 2620 pater!
355 2552 456 2602 Pereunt
466 2549 535 2606 acies,
545 2556 570 2599 et
580 2549 670 2598 sedere
680 2558 798 2614 rumpant.
