1888 2924
312 114 471 166 AENEIDOS
488 117 544 166 Ltn.
555 117 601 167 VI.
744 125 793 170 215

123 243 202 302 Quam
213 239 232 288 si
241 241 302 288 dttra
311 239 368 288 siler
380 249 421 288 aut
432 248 476 287 atet
488 240 608 304 Marpetiu
618 249 704 300 cantes.

121 307 228 356 Tandem
238 305 357 368 oonripnit
366 319 423 359 sere,
435 312 504 367 atque
514 305 609 354 inimica
619 307 706 370 refugit

124 373 157 422 In
167 387 248 420 nemus
258 371 411 418 umbriferum
418 371 431 431 ;'
442 371 545 433 c'nnjun‘x
558 370 597 418 ubi
608 371 719 434 pristinus
728 371 761 420 illi
844 423 849 432 ,

123 437 265 500 Respondet
275 431 347 490 curlr,³
354 443 477 499 aequatque
488 435 600 500 Syrbane
611 449 718 486 amorem.

125 503 179 552 Nec
190 499 368 555 rninusAEnenu,
378 515 433 548 caan
444 509 567 563 percusens
576 501 663 564 iniquo,
748 505 796 552 475
863 532 867 543 .

37 583 45 595 ·
126 566 279 629 Prosequitur
289 564 499 628 lacrimantlonge,
509 573 534 612 et
544 566 667 614 miseratur
676 576 778 615 euntem.

160 631 222 694 Inde
233 631 314 677 datum
325 629 418 676 molitur
427 629 479 678 iter.
506 631 607 693 Jamque
618 646 674 684 arva
684 633 797 680 tenebunt

126 696 225 749 Ultima,
236 710 288 758 quae
299 694 360 741 bello
371 694 427 741 clari
438 701 527 742 secreta
536 697 693 757 frequentent.
704 703 707 708 '

128 759 177 808 Huc
188 759 222 806 illi
233 759 333 807 occurrit
340 758 445 823 Tydeus,
456 757 494 806 hic
504 759 607 807 inclutus
618 761 687 808 munit

129 825 321 888 Parthenopaeus,
333 833 356 872 et
367 823 463 871 Adrasti
475 824 582 886 pallentis
593 824 677 886 imago.
750 831 798 874 480

130 889 180 937 Hie
190 889 287 937 multum
298 889 347 937 fleti
359 889 389 935 ad
399 903 501 952 nuperos,
512 889 619 952 belloque
630 889 721 943 caduci,

131 953 290 1015 Dardanidae3
306 964 364 1018 quon
373 953 413 1000 ille
424 968 503 1000 omnes
515 954 583 1016 longo
594 953 677 1000 ordine
687 969 786 1002 cernens
807 1007 810 1018 ,

130 1019 258 1082 Ingemuit,
266 1019 436 1082 Glaucumque,
443 1019 611 1082 Medontaque,
616 1018 803 1068 Thersilochum-

244 1099 282 1138 ue,

129 1145 189 1195 Tres
199 1099 364 1200 Auitenoridnn
375 1146 502 1210 Cererique
513 1158 603 1193 storum
614 1147 779 1212 Polyphoeten,

134 1211 281 1273 Idaeumque,
289 1210 534 1264 etiamnums,etiam
543 1224 607 1256 mma
615 1219 739 1260 tenentem.
756 1217 810 1262 485

135 1276 298 1324 Circumstant
306 1276 389 1321 atrimae
399 1275 480 1321 dextri
492 1274 594 1336 laevique
606 1275 745 1338 frequentes.
804 1333 807 1340 Ι

135 1340 190 1388 Neo
202 1339 286 1387 vidisse
297 1339 367 1388 semel
379 1339 492 1386 natitent:
506 1338 576 1402 juvat
587 1352 659 1401 utque
669 1341 762 1396 morari,

136 1405 170 1454 Et
180 1405 287 1452 conferre
297 1404 403 1468 graduum
414 1411 438 1451 et
447 1402 559 1450 veniendi
568 1403 658 1452 discere
669 1420 767 1454 cananae

136 1470 171 1518 At
181 1469 292 1517 Dtnahm
303 1481 418 1533 proceres,
425 1467 662 1533 Agamemnoniaeque
673 1471 809 1535 phalanges,

136 1535 173 1584 Ut
182 1534 263 1582 ridere
274 1535 358 1588 virum,
369 1533 528 1598 fulgentiaque
538 1549 604 1580 urna
614 1549 656 1598 per
667 1531 768 1591 umhrun,

139 1599 235 1662 Ingenti
245 1601 364 1664 trepidare
375 1607 451 1660 metu3
468 1609 619 1662 paravertere
630 1608 703 1664 terga,
761 1605 809 1652 491

139 1665 191 1714 Ceu
202 1667 320 1728 quondum
330 1664 419 1728 petiere
430 1672 506 1724 rntea3
521 1675 576 1726 paro
585 1664 666 1712 tollere
676 1665 758 1713 votem

139 1729 271 1792 Exiguam:
287 1730 340 1778 inte
405 1730 492 1776 olatnor
502 1729 627 1775 frustratur
637 1729 735 1776 hiantes.

173 1797 252 1856 Atque
262 1793 302 1843 hio
311 1793 447 1842 Priamiden
457 1792 570 1839 laniatum
580 1805 679 1854 corpore
688 1799 738 1841 toto

141 1858 294 1922 Deiphobum
302 1857 371 1913 vidit,
382 1859 484 1904 leoerurn
494 1855 621 1903 crudeliter
631 1871 680 1912 ora,
715 1905 720 1916 ,
765 1859 814 1908 495

143 1923 194 1970 Ora
205 1935 332 1986 manusque
343 1923 431 1976 ambus,
442 1920 599 1984 populataque
609 1927 716 1984 tempore
725 1922 798 1990 raptio
810 1945 812 1948 ·

143 1986 255 2040 Auribus,
266 1995 291 2034 et
301 1995 395 2034 truncae
403 1985 528 2034 inhonesto
538 1986 633 2034 volnere
643 1999 719 2035 nares.

143 2049 193 2099 vr:
205 2051 264 2097 adeo
275 2051 388 2114 adgnovit
398 2049 549 2114 pavitantem,
560 2057 584 2098 et
594 2051 646 2098 dira
655 2055 774 2116 tegentem

145 2115 267 2178 Supplicia
273 2123 281 2176 ζ
296 2123 321 2163 et
331 2114 520 2178 notit·tonpellat
529 2115 625 2163 tutibus
637 2116 709 2166 ultro:

145 2179 274 2243 Deiphobe
285 2179 434 2243 armipotens,
445 2187 518 2242 genno
527 2181 574 2228 alto
582 2197 596 2227 a
605 2181 718 2244 sanguine
725 2181 819 2236 Teucri,

146 2245 207 2303 Quis
218 2253 267 2292 tam
278 2244 385 2293 crudeles
393 2245 485 2308 optarit
495 2259 586 2293 numere
597 2248 692 2308 pronas?
771 2250 819 2297 501.

146 2310 195 2359 cni
205 2318 297 2358 tantum
308 2310 340 2357 de
349 2318 373 2358 te
384 2309 465 2357 licuit?
481 2310 543 2357 Mihi
554 2311 618 2358 fama
628 2310 737 2374 supremt
828 2320 831 2326 '

147 2375 227 2423 Nocte
237 2373 299 2430 tulit,
311 2375 397 2423 feneum
408 2375 472 2422 vesti
481 2381 506 2422 te
516 2376 582 2423 aede
593 2373 717 2436 Pelasgum

149 2438 305 2488 Procubuiese
315 2455 385 2506 super
395 2440 498 2488 oonlntre
509 2440 591 2502 thaps
601 2453 718 2486 acervum.

148 2503 217 2552 Tunc
228 2514 322 2570 egomet
331 2505 447 2554 tumulum
458 2503 560 2552 Rhteteo
571 2505 597 2550 in
607 2503 675 2548 litore
685 2502 781 2548 inanem
826 2549 828 2552 ,

152 2565 278 2625 Constitui,
288 2578 314 2618 et
323 2571 408 2634 magni
417 2570 504 2618 Manet
513 2577 550 2617 ter
560 2577 619 2614 νοω·
628 2565 718 2613 vocavi.
777 2567 825 2615 506

151 2631 248 2682 Nomen
256 2642 283 2685 et
290 2649 359 2684 arma
369 2635 447 2686 lotum
456 2640 551 2682 tetrum
557 2649 565 2694 3
580 2639 613 2688 te,
623 2629 705 2687 amite,
715 2630 810 2694 nequivi
824 2649 826 2654 ¹
