1878 2930
313 118 495 178 oocoucn
512 121 574 172 scu.
587 121 633 172 tv.
780 127 811 174 ιε

133 213 717 311 oppidoquejubesnttelluriinfinderesulcos.

131 313 204 360 Alter
214 310 261 358 erit
271 317 322 356 tum
332 310 431 376 Tiphys,
440 319 465 358 et
476 311 548 359 altero
558 327 611 375 qum
622 313 694 359 vehat
704 310 769 376 Argo

130 377 248 426 Delectos
255 375 339 422 heroos
345 393 353 436 3
366 375 519 424 eruntetiam
530 375 605 424 nitere
615 376 677 425 bellu
683 395 691 437 ;
774 381 807 428 35

129 443 215 505 Atque
225 441 311 488 iterum
322 441 354 486 ud
362 440 458 504 Trojam
469 455 566 504 magnus
576 441 683 490 mittetur
693 441 806 492 Achilles.

131 506 207 562 Hinc,
218 505 260 552 ubi
267 505 319 569 jam
330 505 422 552 finnuts'
431 505 508 552 virum
519 513 543 553 te
553 507 636 556 fecerit
645 516 710 563 etas,

130 571 211 621 Cedet
220 581 245 618 et
255 569 307 634 ipse
317 570 376 617 meri
385 577 466 618 vector
472 587 480 630 3
496 585 540 618 nec
550 572 645 620 nautica
655 573 726 637 pinus

127 635 241 684 Mutabit
250 649 352 682 merces:
369 635 444 682 onmis
455 635 515 682 seret
525 636 603 684 omnis
613 638 690 687 tellus.

128 701 190 749 Non
200 707 287 748 rastros
297 699 399 763 potietur
408 701 502 754 humus,
511 715 559 747 non
569 701 639 750 vinea
649 703 749 765 falcem
771 706 805 752 40

127 765 253 814 Robustus
262 779 356 828 quoque
362 765 415 829 jun
423 763 497 814 tauris
502 764 564 828 jugo
572 765 645 816 solvet
654 776 739 818 arator.

128 831 186 878 Nec
196 829 274 878 varios
284 828 359 878 discet
369 831 462 878 mentiri
471 829 527 878 iane
536 830 639 878 colores:

128 893 188 960 Ipse
199 895 240 942 sed
251 895 277 942 in
287 895 361 959 protis
371 896 430 944 eries
436 896 489 960 jam
498 910 571 943 suave
582 895 675 946 rubenti

128 959 234 1016 Murice,
241 959 293 1025 jum
303 975 386 1008 croceo
396 959 496 1008 mutabit
506 961 594 1009 vellera
604 961 654 1010 luto
660 979 669 1023 ;

128 1025 144 1073 S
179 1032 219 1073 nte
230 1025 271 1072 sut
282 1025 374 1090 sandyx
385 1034 507 1089 pascentes
517 1025 603 1074 vestiet
613 1041 693 1090 agnos.
767 1027 800 1076 45

148 1090 196 1137 elis
206 1090 282 1144 soecis,
293 1090 340 1137 suis
350 1091 469 1146 dixerunt,
479 1091 575 1147 currite,
585 1091 642 1138 susis

128 1155 354 1204 Concordesstebili
362 1157 464 1204 fetorum
475 1155 572 1204 nutuine
582 1155 672 1206 Peroe.

128 1219 292 1284 Adgredereo
302 1235 400 1284 magnos
409 1220 499 1283 (ederit
506 1220 557 1284 jam
567 1219 673 1284 tempus)
683 1220 791 1276 honores,

130 1285 196 1332 Cure
206 1283 276 1332 deiim
283 1285 382 1339 suboles,
393 1301 504 1348 magnum
514 1283 581 1333 Jovis
590 1283 771 1334 incrementum!

128 1347 236 1413 Adspice
246 1363 349 1398 convexo
358 1359 479 1398 nutantem
491 1351 596 1413 pondere
606 1350 727 1404 mundum,
767 1351 816 1400 5⁰·

127 1413 257 1477 Ten-usque
267 1423 401 1478 tractusque
412 1415 481 1463 maris
492 1415 621 1480 coelumque
632 1413 791 1480 profundum

128 1479 241 1543 Adspice,
252 1490 350 1528 venturo
361 1481 470 1528 letentur
481 1489 508 1528 ut
517 1481 597 1528 omniu
606 1481 681 1530 seclo.

128 1543 151 1592 0
163 1545 221 1592 nihi
231 1553 280 1592 tam
290 1545 367 1609 longse
378 1553 471 1593 maneat
481 1545 628 1609 penultima
637 1546 701 1602 vite,

127 1608 229 1674 Spiritus
238 1617 271 1665 et,
282 1619 396 1672 quantum
407 1619 442 1658 sat
452 1612 497 1659 erit
507 1619 549 1658 tus
558 1611 637 1660 dicere
648 1610 724 1659 sacta!

127 1673 185 1723 Non
195 1691 234 1722 me
245 1675 386 1723 carminibus
396 1674 475 1723 vincet
485 1689 529 1724 nec
538 1676 652 1723 Thracius
663 1677 781 1740 Orpheus,

126 1737 152 1786 N
152 1755 180 1790 ec
190 1741 266 1788 Linus
273 1758 281 1800 ;
297 1741 352 1788 huic
367 1748 441 1788 meter
453 1740 567 1804 quamvis,
580 1748 650 1804 atque
664 1741 719 1790 huic
730 1749 798 1805 pater

222 1805 296 1852 adsit·

125 1869 216 1933 Orphei
228 1843 358 1934 Coilidpea,
369 1869 430 1919 Lino
440 1871 553 1919 formosus
563 1867 656 1933 Apollo.

125 1934 177 1982 Pan
184 1936 256 1983 ctiam
267 1934 372 1983 Arcadii
381 1951 473 1984 mecum
483 1936 502 1982 si
509 1935 593 2000 judice
603 1942 684 1990 certet,

117 1999 176 2046 ‚Pan
186 2001 260 2047 etiam
271 1999 376 2047 Arcadii
386 2000 450 2048 dicet
461 2017 485 2048 se
493 2001 576 2065 judice
587 1999 681 2050 victus

125 2063 217 2128 Incipe,
229 2079 301 2128 parve
313 2079 379 2130 puer,
389 2065 438 2112 risu
448 2079 589 2128 cognoscere
600 2072 712 2126 mutrem3
761 2067 794 2114 60

124 2128 198 2177 Matri
209 2130 281 2192 longo
291 2129 372 2177 decem
383 2130 488 2178 tulerunt
498 2130 592 2177 fastidis
601 2145 698 2178 menses.

125 2193 217 2260 Incipe,
227 2209 302 2257 parve
312 2209 387 2257 puer;
402 2195 440 2244 cui
451 2210 500 2242 non
509 2195 582 2242 risere
592 2203 708 2256 putentes,

124 2257 176 2309 Nec
188 2261 247 2308 deus
258 2260 323 2309 hune
334 2259 423 2315 mensi,
432 2261 480 2308 des
489 2275 534 2308 nec
545 2258 641 2322 dignata
651 2257 725 2310 cubili
734 2262 777 2305 est.
