1848 2934
125 109 159 154 34
302 98 509 152 GEORGICON
525 97 582 148 Ius.
594 97 618 148 1.

126 225 260 276 Deucalion
271 241 371 274 saeuum
383 223 473 287 lapides
480 219 581 288 jactavit
590 220 616 268 in
627 221 724 283 orbem

125 293 197 344 Unde
208 289 314 340 homines
324 289 382 345 nati,
392 290 479 338 durum
489 303 570 352 genus
595 285 660 350 Ergo
670 294 801 351 egeam

126 357 220 421 Pingue
230 355 305 404 solum
315 355 396 419 primis
406 353 524 416 extemplo
534 368 550 400 s
559 351 678 400 mensibus
688 352 745 400 suni

128 421 211 470 Fortes
221 421 339 469 invertant
350 419 419 475 tauri,
430 419 556 484 glebasque
563 417 671 481 jacentes
768 419 801 468 65

128 486 298 537 Pulverulents
307 493 393 549 coquat
403 483 500 534 maturis
510 483 595 530 solibus
606 490 681 530 aestss.

129 551 172 607 At,
183 551 202 599 si
213 567 261 602 non
272 550 344 600 suerit
355 550 423 598 tellus
433 549 543 603 fecunda,
555 547 598 594 sub
609 546 687 610 ipsum

129 615 258 668 Arcturum
268 616 335 664 tenui
345 624 381 664 sst
391 615 436 664 erit
447 614 589 677 suspendere
600 611 679 673 sulw3

130 680 193 737 Illic,
202 681 305 730 officiant
315 680 375 728 laetis
385 696 416 728 ne
427 679 532 742 frugibus
543 677 638 738 herbas5

131 745 187 801 Hic,
198 747 299 794 sterilem
310 747 408 810 exiguus
418 761 450 794 ne
460 746 553 792 deserat
563 744 648 790 humor
658 756 762 792 ereum

162 810 268 860 Alternis
276 811 340 860 idem
349 820 429 859 tonsas
438 825 529 858 cessere
539 807 642 862 noveles,
771 809 804 858 71

131 875 164 924 Et
175 891 270 939 segnem
281 876 371 940 petiere
381 877 427 924 situ
438 875 563 924 durescere
573 887 690 936 csrnpum.

131 939 182 991 Aut
191 942 224 988 ibi
236 943 298 990 flava
307 958 377 999 seres,
388 947 477 988 mutsto
487 939 572 994 sidere,
581 939 652 994 farre,

131 1006 204 1073 Unde
215 1007 280 1071 prius
290 1006 370 1056 letum
382 1005 466 1071 siliquis
476 1011 602 1070 quassante
611 1002 730 1078 legumen.

132 1069 183 1119 Aut
193 1073 271 1120 tenuis
281 1073 344 1120 fetus
354 1072 429 1127 vieiae,
439 1070 559 1134 tristisque
568 1067 645 1131 lupius
772 1069 807 1116 ⁷⁵

133 1134 258 1186 sustuleris
269 1138 363 1200 fragiles
373 1137 475 1186 calamos
486 1135 614 1199 silvamque
625 1138 755 1182 sonmtem.

132 1201 189 1250 Urit
198 1202 262 1255 euim
272 1201 313 1250 lini
324 1217 434 1266 campum
444 1215 519 1264 seges,
529 1195 576 1248 urit
586 1213 666 1246 evene
675 1215 683 1258 3

132 1265 213 1316 Urunt
223 1267 320 1317 Lethaeo
331 1267 428 1331 perlusa
439 1279 557 1328 papavera
567 1277 655 1312 somno.

134 1329 182 1380 Sed
194 1340 273 1381 tamen
285 1332 379 1382 alteruis
391 1331 467 1378 facilis
477 1330 557 1378 labor:
574 1327 641 1376 asida
651 1333 744 1376 tentum

134 1395 174 1444 Ne
185 1406 290 1444 saturare
300 1398 355 1444 fimo
365 1395 448 1458 pingui
459 1396 548 1458 pudent
558 1393 615 1448 sola,
626 1407 686 1442 neue
776 1391 814 1440 80'

134 1460 226 1510 Effetos
236 1461 339 1510 cinerem
349 1461 490 1508 inmundum
496 1459 588 1523 jsetsre
599 1473 642 1522 per
652 1471 727 1521 agree.

135 1524 174 1573 Sie
185 1541 216 1589 qu
249 1541 278 1574 ue
288 1526 383 1574 mutatis
393 1525 544 1588 requiescunt
554 1523 641 1574 fetibus
652 1537 722 1572 mss

135 1589 190 1646 Nec
201 1542 267 1640 niis
276 1592 369 1640 interea
377 1599 413 1640 est
423 1590 520 1644 inarare
532 1589 609 1653 gratia
618 1597 694 1638 terre.

138 1653 208 1720 Saepe
218 1656 288 1707 etiem
300 1656 389 1706 steriles
400 1655 528 1706 incendere
538 1653 628 1718 profuit
639 1667 717 1716 agros,

136 1719 216 1785 Atque
228 1722 303 1770 levem
313 1722 424 1786 stipulam
437 1720 607 1784 crepitantibus
619 1733 686 1766 urere
697 1713 797 1766 dammis
805 1731 817 1774 ς,

137 1783 192 1836 Sive
202 1787 259 1836 inde
268 1788 372 1838 occultas
381 1786 443 1836 vires
453 1795 478 1834 et
489 1785 576 1849 pabula
585 1791 654 1834 terrae
779 1785 816 1830 86

137 1850 241 1916 Pinguis
250 1853 388 1916 concipiunt
394 1871 402 1914 ;
418 1852 467 1902 sive
477 1851 524 1901 illis
534 1865 604 1900 omne
614 1863 657 1912 per
667 1848 747 1911 ignem

138 1915 284 1980 Exsequitur
294 1917 385 1973 vitium,
395 1926 466 1982 atque
476 1917 575 1966 exsudet
585 1913 673 1962 inutilis
685 1914 786 1971 burmr3

139 1979 187 2030 Seu
198 1983 277 2045 plures
287 1983 351 2032 color
361 1983 402 2030 ille
412 1983 461 2030 vies
473 1989 497 2032 et
508 1997 574 2030 caere
582 1979 672 2028 relaxet

139 2045 295 2112 Spirsmenla,
305 2063 379 2096 neves
389 2047 469 2096 veniet
478 2063 527 2111 qus
536 2060 619 2094 suenus
629 2044 655 2090 in
666 2042 765 2102 herbas3
781 2044 814 2090 9⁰

78 2143 83 2154 -
140 2110 187 2160 Seu
198 2113 268 2162 duret
278 2113 359 2176 magis,
369 2120 394 2160 et
403 2127 476 2160 venas
487 2110 611 2172 adstringit
622 2108 728 2156 hiantes:

140 2176 181 2226 Ne
193 2185 275 2226 tenues
285 2177 380 2240 pluvie,
390 2177 497 2240 rapidive
508 2175 614 2240 potentia
624 2173 678 2222 solis

141 2242 233 2298 Acrior,
244 2251 285 2292 sut
295 2242 378 2290 Boreae
390 2241 535 2305 penetrabile
545 2240 619 2304 frigus
630 2239 722 2286 adurat.

143 2307 247 2361 Multum
259 2309 326 2364 adeo,
336 2308 418 2356 rastris
427 2307 506 2370 glebas
516 2305 556 2369 qui
567 2304 655 2367 frangit
664 2303 762 2354 inertes.

142 2375 310 2438 vimineasque
320 2371 393 2420 trahit
403 2380 486 2426 crates.
493 2371 563 2435 juvet
574 2385 645 2430 erun
660 2381 738 2430 neque
748 2364 824 2414 illuns

144 2440 216 2488 Flava
226 2439 299 2488 Ceres
307 2437 355 2486 alto
365 2437 524 2501 nequidquam
535 2442 627 2499 spectat
635 2433 757 2497 Olymp05
784 2433 822 2478 96

117 2533 120 2540 ·
145 2503 177 2551 Et
186 2505 235 2567 qui,
246 2503 360 2568 proscisso
370 2518 423 2566 quse
434 2501 531 2549 suscitat
540 2515 634 2564 aequure
645 2506 720 2561 terga,

145 2567 237 2616 Rursus
247 2569 273 2616 iu
284 2570 404 2632 obliquum
414 2582 481 2616 verso
492 2565 623 2630 perrumpit
633 2569 719 2615 sistro.
745 2611 759 2632 ο

146 2631 294 2698 Exercetque
303 2635 414 2700 frequens
424 2633 539 2686 tellurem,
554 2637 627 2694 etque
636 2629 737 2692 imperat
748 2623 825 2672 urris-
