1888 2924
183 405 186 412 ’
241 393 282 460 Ρ.
302 391 502 462 VIRGILII
524 391 740 464 MARONIS

370 561 601 630 -AENEIDOS

270 717 272 722 '
325 737 451 802 nmen
474 737 663 790 ocusvns.
769 807 773 813 ,

156 1011 198 1062 Ur
209 1011 264 1060 beili
272 1010 364 1075 signum
375 1010 487 1060 Laurenti
497 1009 590 1059 Turnus
601 1010 631 1058 ab
642 1025 696 1060 arce

156 1075 257 1131 Extulit,
267 1084 292 1124 et
301 1091 373 1124 rauco
385 1083 534 1138 strepuerunt
544 1089 632 1122 cornua
643 1084 731 1138 cautu3

157 1141 238 1205 thue
249 1155 314 1188 aeres
323 1140 440 1190 concussit
449 1155 529 1204 equos,
540 1148 611 1204 utque
622 1141 708 1204 inpulit
718 1155 796 1188 mma:

157 1204 284 1270 Extemplo
295 1205 382 1254 turbati
392 1205 478 1266 auimi;
494 1205 561 1252 simui
573 1221 642 1254 omne
653 1205 754 1255 tumultu

158 1270 275 1336 conjurat
284 1271 377 1335 trepido
388 1270 490 1324 Latium,
501 1269 613 1334 nevitque
620 1271 734 1336 juventus
812 1272 832 1322 5

156 1333 246 1395 Effera.
274 1336 391 1386 Ductores
401 1335 469 1400 primi
480 1335 604 1399 Messapus
614 1343 640 1382 et
653 1337 733 1391 Ufens,

158 1399 342 1464 Contemtorque
353 1399 431 1448 Deum
442 1400 583 1455 Mezentius,
595 1399 699 1464 undique
709 1405 798 1464 cogunt

156 1463 262 1518 Auxilia,
269 1473 294 1511 et
304 1465 362 1512 latos
372 1472 464 1510 vastant
474 1463 600 1510 cultoribus
610 1479 684 1526 agros.

156 1527 264 1574 Mittitur
274 1535 299 1574 et
309 1527 387 1590 magni
397 1527 505 1575 Venulus
514 1527 636 1574 Diomedis
646 1529 677 1574 ad
688 1526 778 1582 urbem,

157 1591 206 1649 Qui
217 1597 282 1655 petat
291 1590 411 1644 auxilium,
421 1598 453 1644 et,
463 1590 531 1637 Letio
541 1591 666 1640 consistere
676 1592 788 1648 Teucros,

156 1655 291 1704 Adventum
301 1656 396 1704 AEueen
406 1653 481 1709 classi,
491 1654 610 1718 victosque
620 1655 722 1704 Penates
796 1663 829 1708 11

157 1720 259 1778 Inserre,
270 1728 294 1769 et
304 1720 358 1768 fatis
367 1734 445 1783 regem
456 1733 481 1768 se
491 1719 569 1768 dicere
580 1720 652 1782 posci,
730 1739 731 1744 ¹

157 1786 271 1845 Edooeat‚
282 1786 410 1850 multasque
420 1783 470 1832 viro
481 1799 506 1832 se
516 1784 646 1848 adjungere
656 1791 738 1848 gentes

157 1849 289 1908 Dardanio,
298 1862 323 1900 et
333 1851 380 1900 lete
390 1849 458 1898 Latio
468 1849 639 1900 increbrescere
647 1865 741 1898 nomen.

157 1916 223 1974 Quid
231 1925 305 1964 struat
315 1917 351 1965 his
362 1916 450 1979 captis,
461 1930 538 1979 quem,
548 1915 568 1962 si
578 1916 674 1964 fortuna
684 1921 802 1981 sequetur,

142 2005 146 2012 ·
157 1979 276 2028 Eventum
288 1996 373 2044 pugnae
384 1981 472 2045 cupiat,
481 1979 626 2029 manifestius
635 1981 688 2044 ipsi,
795 1985 830 2030 16

156 2043 236 2101 Quam
247 2045 327 2092 Turno
338 2044 395 2108 regi,
406 2054 447 2093 aut
457 2045 506 2109 regi
517 2046 631 2109 adparere
642 2045 734 2094 Latino.

189 2108 256 2156 Talia
266 2123 308 2171 per
319 2109 428 2170 Latinm3
444 2124 496 2173 que
508 2110 689 2159 Laomedontius
700 2111 767 2156 heros

158 2173 252 2224 cancta
261 2173 351 2228 videns,
361 2187 446 2236 magno
457 2189 565 2222 curarum
575 2175 674 2222 fluctuat
683 2180 740 2222 aestu
746 2190 754 2232 ;

157 2238 238 2304 Atque
248 2238 350 2285 animum
358 2253 422 2285 nuno
431 2239 477 2286 huc
485 2238 592 2295 celerem,
601 2254 665 2286 nunc
672 2235 756 2284 dividit
763 2234 831 2294 iiiuc,

157 2305 190 2354 In
200 2312 323 2369 partesque
333 2303 395 2367 rapit
406 2302 488 2357 veria,
498 2317 586 2376 perque
595 2303 673 2349 omnia
681 2307 771 2347 versat:
795 2307 831 2353 21

158 2368 226 2419 Sicut
236 2383 302 2433 aque
311 2366 435 2415 tremulum
446 2365 516 2414 labne
527 2367 566 2413 nbi
577 2367 655 2414 lumen
666 2363 730 2412 aenis

159 2433 213 2483 Sole
224 2447 390 2499 repercussum,
401 2435 442 2476 aut
452 2430 566 2477 radiantis
575 2429 676 2492 imagine
687 2428 771 2483 Lunae,

159 2498 248 2546 Omnia
257 2497 380 2564 pemolitat
389 2495 436 2543 lete
445 2493 505 2548 loca,
512 2493 608 2558 jamque
618 2493 662 2542 snb
673 2507 741 2542 sures

158 2560 272 2628 Erigitur,
282 2562 410 2629 summique
420 2558 474 2613 serit
482 2557 602 2622 laquearia
611 2557 674 2610 tecti.
795 2561 830 2612 25
