1878 2930
290 112 496 172 Gnounrcort
513 114 630 169 Lre.1ll.
764 119 799 168 8³

115 239 200 289 Crura
209 238 293 301 thymo
303 235 395 312 plenae3
408 245 539 312 pascuntur
549 245 575 290 st
585 237 671 290 arbuta
681 238 775 302 passim,

115 305 153 354 Et
163 303 260 367 glaucas
271 301 360 356 subcus,
367 316 508 364 castamque,
516 317 658 367 crocumque
665 304 798 362 rubentem,

116 371 154 418 Et
164 369 278 432 pinguem
288 366 369 422 tilium,
380 375 405 416 et
416 367 559 430 ferugineos
570 369 719 434 hyacinthos.
763 410 765 420 ,
861 403 865 416 .

119 433 241 488 Omnibus
252 447 299 482 una
309 432 375 496 quies
385 447 491 494 operum,
500 431 567 480 labor
576 435 685 484 omuibus
695 449 765 488 unus.

118 500 200 550 Mane
210 505 283 548 ruunt
292 497 380 561 portis3
396 512 512 560 nusquam
520 513 598 548 more:
614 500 798 550 eunuseesdero

118 565 216 630 Vesper
227 563 269 611 ubi
279 578 293 610 e
305 571 373 626 pastu
383 563 481 612 tandem
492 562 607 614 decedere
618 566 706 630 campis
750 568 800 615 186

118 628 263 683 Admonuit,
273 635 324 676 tum
333 635 396 676 tecte
407 633 500 691 petunt,
509 634 560 676 tom
571 643 670 693 corporo
680 638 779 691 ourant5

119 695 161 742 Fit
172 694 271 749 sonitus,
280 701 431 755 mussantque
441 707 495 740 oros
505 699 530 740 et
540 691 621 744 iimina
632 695 727 746 circum.

120 759 190 814 Post,
200 759 242 806 ubl
248 759 301 823 jum
312 757 420 806 thalamis
430 773 455 806 se
466 771 619 820 conposuere,
629 759 710 808 siletur

120 823 154 871 Iu
165 831 267 878 noctem,
278 823 396 886 incoque
406 837 476 886 sopor
486 837 542 870 suus
552 831 653 886 occupat
664 833 733 874 enus.
751 829 802 876 190
898 848 899 852 ¹

121 887 178 938 Nec
188 903 245 939 vero
256 905 271 936 e
282 887 379 937 stabulis
390 887 469 951 ptuvn
480 885 627 951 inpendente
637 891 753 938 recedunt

122 951 236 1017 tungros,
247 962 289 1002 aut
299 953 400 1003 aedunt
410 953 470 1003 coslo
478 952 661 1002 adventantibus
671 953 742 1002 Euris
748 973 756 1015 ;

123 1017 172 1066 Sed
183 1018 272 1068 circum
282 1025 340 1066 tute
352 1018 395 1066 sub
407 1017 522 1068 menibus
532 1017 597 1066 urbis
612 1025 737 1081 aquantur,

123 1083 290 1148 Excursusque
300 1083 384 1134 breves
393 1091 493 1138 tentant,
505 1089 530 1130 et
540 1098 603 1146 sepe
614 1082 713 1147 lapillos,

123 1149 159 1198 Ut
169 1149 260 1213 cymbae
271 1147 392 1199 instabiles
403 1147 477 1196 fluctu
484 1148 591 1214 jactanto
602 1148 730 1203 saburram,
752 1151 801 1197 19⁵

123 1212 234 1260 Tollunt:
251 1213 287 1262 his
297 1228 348 1262 oeae
359 1227 402 1276 per
412 1211 494 1262 insuia
503 1211 586 1264 nubile
596 1212 690 1262 librant.

125 1277 198 1326 Illum
211 1279 270 1326 adeo
280 1277 397 1342 placuisse
407 1277 491 1340 opibus
501 1277 616 1326 mirabere
626 1291 723 1333 morem,

126 1342 199 1400 Quod
210 1358 254 1394 nce
263 1341 392 1392 concubitu
402 1341 535 1406 indulgent,
546 1357 592 1392 nec
603 1357 702 1406 corpore
713 1356 805 1406 segnes,
877 1363 881 1372 ·

126 1407 159 1454 Iu
170 1408 288 1458 Venerem
298 1407 400 1462 solvunt,
411 1415 452 1454 eut
463 1409 525 1456 letus
536 1407 630 1458 nixibus
641 1409 729 1458 edunt:

125 1473 282 1536 Verumipsre
294 1489 308 1521 e
319 1472 381 1522 soliis
391 1481 459 1522 natos
469 1481 494 1522 ct
504 1473 615 1522 suavibus
624 1474 704 1522 herbis
752 1475 804 1524 20⁰.

127 1537 178 1586 Ore
188 1537 270 1602 legunt
276 1556 284 1598 ;
299 1538 358 1602 ipse
368 1553 448 1602 regem
458 1554 588 1604 parvosque
600 1539 704 1598 Quirites

127 1601 259 1658 Sufficiunt,
270 1601 382 1664 aulasque
391 1611 416 1650 et
426 1619 495 1654 ceree
504 1620 579 1668 regna
589 1605 716 1668 refingunt.

26 1697 27 1700 =
127 1665 196 1730 Soepe
207 1667 278 1718 etiam
288 1668 354 1718 duris
364 1669 501 1716 errandoin
510 1669 603 1718 cotibus
613 1671 662 1718 ulos

127 1730 263 1789 Adtrivere,
274 1733 382 1796 ulnoque
393 1729 495 1783 anihram
506 1733 549 1782 sub
563 1735 626 1782 fusce
637 1735 738 1782 dedcmz

126 1795 218 1846 Tantus
228 1813 294 1847 eruor
304 1798 396 1854 florum,
407 1806 431 1847 et
442 1797 573 1862 generandi
583 1797 658 1862 gloria
667 1797 750 1846 mellis.

160 1861 225 1926 Ergo
235 1862 298 1927 ipsas
307 1862 414 1927 quamvis
425 1864 518 1928 augusti
529 1863 642 1913 terminus
652 1862 697 1912 aevi
754 1863 802 1910 20⁵

128 1926 256 1991 Excipiet3
271 1927 422 1992 nequeenim
433 1929 485 1993 plus
496 1936 603 1992 septumo
613 1927 708 1978 ducitur
720 1934 805 1987 uestes3

128 1991 164 2039 At
174 2007 249 2054 genus
257 1992 380 2042 inmortale
390 2003 477 2051 munet,
488 1993 617 2056 multosque
628 2009 671 2058 per
681 2007 756 2040 annos

130 2055 183 2104 Stat
193 2056 289 2106 fortuna
298 2057 388 2113 domus,
398 2067 423 2108 et
432 2059 470 2108 evi
480 2065 634 2108 numerantur
645 2073 749 2108 erorum.

74 2161 81 2168 ,
129 2121 251 2170 Praeterea
260 2136 338 2184 regem
349 2139 397 2170 non
408 2123 443 2172 sic
452 2125 573 2188 AEgyptos
582 2129 607 2171 et
616 2123 699 2186 ingens
756 2125 806 2172 eto

130 2185 216 2250 Lydia,
224 2201 268 2234 nco
276 2187 358 2251 populi
365 2188 515 2244 Parthorum,
524 2195 565 2236 aut
572 2188 661 2236 Medus
670 2189 806 2252 Hydaspes,

130 2251 274 2300 Observantr
300 2251 369 2316 Rege
378 2253 491 2302 incolumi
501 2267 567 2302 mens
577 2253 686 2302 omuibus
697 2267 745 2302 une
755 2257 791 2300 est
797 2267 806 2310 ;

130 2315 222 2366 Amisso
232 2331 320 2381 rupere
330 2317 408 2376 fidem,
418 2325 598 2383 constructaque
608 2317 678 2367 mella

131 2379 259 2446 Diripuere
269 2381 336 2446 ipsae,
347 2390 372 2431 et
382 2391 458 2432 cretes
468 2383 557 2432 solvere
568 2385 682 2432 sevorum.
757 2381 806 2428 214

130 2443 176 2494 Ille
187 2446 286 2511 operum
296 2455 374 2496 custos
380 2466 387 2509 ;
403 2448 469 2497 illum
480 2448 632 2502 admirentur,
644 2454 669 2494 et
679 2458 761 2492 ornnes

132 2509 292 2560 Circumstant
302 2512 397 2562 fremitu
408 2515 490 2568 denso,
501 2513 636 2578 stipantque
647 2511 783 2571 nequem
789 2525 797 2569 ;

132 2574 166 2624 Et
176 2591 239 2640 saepe
250 2577 368 2626 edtollont
377 2577 488 2632 humeris,
499 2583 524 2625 et
533 2591 632 2640 corpora
642 2572 704 2620 bello

133 2639 272 2704 objectent,
279 2642 449 2709 pulchrumque
456 2648 543 2707 petunt
548 2655 591 2706 per
598 2639 695 2688 robsero
702 2643 810 2688 nortun
