1898 2934
131 125 178 172 118
323 117 485 172 AENEIDOS
501 121 558 168 Lrn.
570 119 607 172 ΙΙ.

130 243 184 292 Nec
195 240 310 306 requievit
320 243 392 298 euim,
401 243 478 292 donec
490 243 621 293 Calchante
631 244 770 294 ministro-

131 307 179 358 Sed
193 308 312 418 quidlegq
327 308 378 358 hee
394 317 473 357 cutem
488 309 647 374 nequidquam
662 310 754 374 ingrato
769 325 808 359 re·

227 388 258 419 vo
266 387 308 419 vo.
759 379 806 424 101

131 437 227 496 Quidve
234 427 324 484 moror?
336 436 356 484 si
363 453 444 486 ornnes
450 454 498 486 uno
506 438 589 486 ordine
597 438 689 488 habetis
694 439 808 497 Achivos,

131 502 209 566 quue
221 501 303 550 audire
313 509 349 550 sat
359 511 402 558 est,
409 503 552 568 jamdudum
562 504 646 552 sumite
657 519 752 567 poenes:

131 567 186 616 Hoc
197 566 295 615 Ithacus
305 567 371 622 velit,
381 575 406 615 et
417 583 502 632 magno
513 577 646 618 mercentur
655 569 755 618 Atride.

163 631 225 680 Tum
235 647 290 680 vero
302 633 412 680 ardemus
421 633 500 682 scituri
511 643 535 682 et
544 647 649 696 querere
660 649 760 689 crumas,

131 695 215 758 Ignari
225 697 338 746 scelerum
349 704 469 746 tentorum
480 698 582 760 artisque
593 698 706 762 Pelesgae.
758 703 806 750 106

130 759 284 825 Prosequitur
295 763 410 826 pavitans,
421 771 446 810 et
456 763 511 811 ficto
522 771 617 826 pectore
628 764 698 812 fatur.

164 825 233 890 Saepe
244 828 324 891 sugam
335 828 416 877 Dauni
425 827 498 892 Trth
508 828 604 891 cupiere
614 828 697 878 relictt

127 888 223 948 Moliri,
234 900 259 941 et
269 892 339 956 longo
350 893 405 942 fessi
414 891 536 942 discedere
547 891 614 942 hello.

132 953 298 1022 Fecissentque
308 957 411 1006 utiueml
429 973 492 1021 saepe
502 957 554 1006 illos
564 972 648 1022 aspero
658 957 724 1021 ponti
759 962 808 1008 110

132 1018 270 1072 Interclusit
281 1023 362 1078 hiems,
373 1030 398 1071 et
407 1023 491 1070 terruit
500 1023 589 1072 Auster
598 1030 688 1071 euntes

132 1082 264 1152 Praecipue‚
276 1103 348 1151 quum
355 1087 407 1153 jam
418 1087 457 1136 hic
467 1087 574 1138 trabibus
584 1095 709 1137 contextus
716 1084 809 1137 aconis

132 1148 210 1199 Staret
221 1169 303 1216 equus,
313 1160 364 1202 toto
373 1161 504 1202 senuerunt
514 1155 602 1204 aethere
612 1153 694 1202 nimbi.

132 1213 245 1280 Suspensi
256 1217 407 1282 Eurypylum
417 1217 527 1267 scitatum
537 1218 633 1266 oracula
643 1217 729 1267 Phoebi

132 1278 260 1338 Mittimus,
270 1283 337 1348 isque
348 1283 426 1348 adytis
437 1284 489 1332 hunc
500 1284 576 1332 tristia
584 1284 650 1332 dieta
658 1289 776 1350 reportet:

132 1343 253 1409 Sanguine
263 1348 372 1411 plochstis
382 1355 465 1396 veutoa
476 1357 500 1398 et
510 1349 602 1412 virgine
612 1348 680 1405 cest,
762 1352 810 1399 116

133 1409 213 1466 Quurn
224 1412 326 1474 primum
337 1413 423 1460 Iliacos
433 1413 514 1461 Dauni
523 1413 621 1460 venistis
631 1414 662 1460 ad
673 1429 739 1461 oras:

134 1473 254 1537 Sanguine
265 1475 387 1537 querendi
397 1475 495 1531 reditus,
506 1477 629 1540 animique
640 1476 757 1526 litandum

133 1537 251 1600 Argolici„
280 1538 351 1601 Volgi
362 1555 414 1601 quar
424 1555 471 1596 von
483 1548 510 1588 ut
517 1540 583 1588 venit
594 1541 625 1588 ad
637 1555 712 1595 eures,
762 1544 809 1591 11⁹

134 1601 285 1665 Obstupuere
296 1603 387 1658 animis,
398 1603 535 1668 gelidusque
546 1619 589 1667 per
599 1604 647 1652 ima
656 1604 762 1652 cucurrit

134 1666 195 1713 Ossa
206 1676 307 1730 tremor3
323 1667 362 1716 cui
373 1668 526 1732 inteperent,
536 1684 607 1732 quern
618 1678 699 1732 posent
709 1668 805 1734 Apollo.

134 1730 183 1779 Hic
194 1731 292 1782 Ithacus
301 1741 380 1782 vatem
391 1749 476 1796 magno
487 1733 620 1782 Calchante
629 1734 733 1782 tumultu

135 1795 257 1854 Protrahit
266 1798 292 1846 iu
303 1798 408 1858 medios;
423 1815 476 1864 quoe
488 1798 536 1848 sint
546 1814 575 1846 en
584 1798 684 1846 numina
694 1798 792 1854 Divum,

135 1860 243 1926 Flagitet.
272 1863 305 1912 Et
315 1863 373 1912 mihi
381 1864 432 1930 jem
443 1863 512 1912 multi
522 1864 617 1914 crudele
629 1864 747 1912 eruebant

134 1925 240 1975 Artificis
251 1929 334 1984 scelus,
344 1938 369 1978 et
379 1929 446 1978 taciti
455 1938 556 1978 ventura
566 1927 686 1978 videbant.
764 1931 811 1978 12⁵

135 1989 179 2039 Bis
190 1992 274 2054 quinos
284 1994 338 2042 silet
347 1994 388 2042 ille
398 1995 457 2050 dies,
467 2003 590 2058 tectusque
600 2001 694 2042 recuset

135 2053 241 2104 Prodere
252 2073 310 2106 voce
322 2059 363 2106 sut
372 2075 521 2124 quemquam,
532 2067 573 2108 eut
584 2073 705 2121 opponere
715 2057 793 2108 morti.

136 2118 185 2167 Vix
195 2123 296 2170 undem·
303 2124 395 2188 magnis
405 2125 484 2172 Ithaci
495 2123 636 2174 elamoribus
648 2133 722 2179 actus,

137 2183 266 2248 Conpositi
277 2189 366 2252 rumpit
375 2204 467 2246 vocem,
478 2197 502 2238 et
513 2206 550 2240 me
561 2187 664 2238 destinat
675 2205 729 2238 erre.

136 2249 271 2300 Adsensere
281 2268 378 2314 omnes3
393 2262 425 2310 et,
436 2270 490 2318 quae
501 2256 546 2304 sibi
555 2254 655 2319 quisque
665 2253 770 2306 timebat,

137 2315 216 2364 Unius
226 2317 252 2365 in
262 2317 341 2366 miseri
352 2317 451 2366 exitium
461 2335 575 2369 moveras
584 2317 669 2368 tulere.
767 2316 813 2365 131

136 2379 238 2444 Jamque
249 2383 300 2431 dies
310 2383 410 2431 infanda
420 2383 517 2432 aderat:
533 2383 592 2433 mihi
602 2397 670 2430 sacra
679 2379 766 2447 pareri,

138 2444 171 2492 Et
182 2447 248 2497 salse
259 2449 346 2512 fruges,
357 2455 382 2496 et
392 2447 480 2496 circum
490 2456 599 2514 tempora
608 2445 681 2496 vitm.

138 2507 231 2573 Eripui,
242 2515 327 2570 fateor,
337 2514 384 2562 leto
394 2529 440 2568 me,
451 2521 475 2561 et
485 2513 582 2562 vinculo
592 2510 662 2576 rupi;

138 2572 279 2641 leotoque
290 2580 342 2628 lacu
352 2585 499 2643 pernoctem
509 2579 624 2628 obscurus
634 2575 660 2625 in
671 2575 727 2626 utve
768 2576 816 2626 185

139 2637 239 2698 ventui,
249 2645 307 2694 dun
317 2645 378 2701 vela,
389 2645 474 2694 duent
485 2644 504 2692 si
515 2645 585 2701 forte,
595 2641 724 2694 dmumnt
