1898 2934
333 125 496 178 AENEIDOS
512 127 568 178 Lrn.
579 127 612 179 V.
762 135 810 180 183

143 252 200 316 Ipse
210 248 351 315 gubernaclo
361 257 438 299 rector
449 250 519 305 subit,
529 250 579 313 ipse
589 250 707 315 nequer,

142 317 301 380 Hortaturque
311 317 382 372 viros,
391 316 529 378 clerumque
540 316 571 362 sd
581 315 649 363 litem
658 323 758 380 torquet.

141 381 174 430 At
184 382 267 446 grecis.
280 390 305 430 ut
316 381 390 429 fundo
401 380 439 428 vix
451 380 547 428 tandem
556 381 661 429 redditus
671 381 719 430 irno
730 389 765 430 est

139 446 194 495 June
205 446 289 502 senior,
300 447 438 508 mcdfflbque
448 445 523 492 fluens
533 443 559 490 in
569 453 640 501 veste,
651 447 776 501 Menoetes,

140 509 235 560 Summe
246 511 306 575 petit
316 510 412 573 scopuli,
423 509 528 571 siccique
538 508 564 554 in
572 524 630 572 rupe
641 512 733 560 resedit.
759 515 807 561 180

141 575 212 624 Illum
223 585 248 624 et
257 577 374 623 lebentem
384 574 477 628 Teucri,
486 581 510 622 et
521 572 592 620 risere
601 583 727 632 nutantem,

139 638 155 668 ⁴⁹
162 641 195 689 Et
205 642 276 688 salsos
287 639 367 686 rident
375 645 533 686 revomentem
543 645 638 701 pectore
649 641 761 692 fluctus*

139 704 187 753 Hic
198 705 253 752 laete
263 703 371 752 extremis
381 717 434 766 spes
444 710 479 750 est
489 703 590 752 adcensa
599 702 697 760 duobus,
747 731 749 738 ‹

139 769 248 832 Sergesto
259 767 431 832 Mnestheique,
442 767 515 832 Gyan
526 781 636 830 superare
646 777 781 820 morantem.

139 832 261 897 Sergestus
270 833 333 897 ccplt
344 842 398 880 ente
409 833 493 888 locum,
503 833 644 898 scopuloque
655 835 809 900 propinquate

129 897 195 946 *Neo
204 898 253 946 toti
263 905 342 946 tumen
352 898 391 946 ille
403 897 467 961 prior
477 905 598 962 preeunte
607 897 702 959 cerinb;
764 905 811 950 106

139 961 211 1012 Parte
222 962 285 1028 prior
293 981 300 1024 ;
316 963 401 1026 purtim
411 971 485 1010 rostro
495 963 581 1027 premit
590 961 675 1010 emole
684 962 774 1013 Pristis.

137 1025 172 1076 At
183 1029 262 1077 medii
272 1029 345 1077 socios
355 1028 466 1076 incedens
476 1041 538 1078 nere
548 1043 590 1092 per
599 1027 662 1091 ipsos

138 1093 256 1157 Hormus
265 1094 418 1142 Mnestheus:
435 1089 515 1148 Nunc,
526 1107 590 1141 nunc
600 1093 714 1157 insurgite
725 1092 803 1149 remis,

138 1157 251 1206 Hectorei
261 1158 325 1212 eccli,
335 1158 412 1222 Trojae
422 1173 481 1222 quos
490 1163 551 1205 sorte
562 1159 669 1221 supremi
733 1217 734 1220 Ἴ
760 1161 809 1208 190

139 1221 226 1284 Delegi
237 1222 346 1282 comites3
361 1237 424 1270 nuuc
435 1221 487 1268 illes
496 1223 596 1285 promite
606 1222 675 1279 vires,

139 1285 213 1334 Nunc
223 1285 320 1340 animos,
330 1287 415 1348 quibus
425 1285 450 1334 ln
462 1286 563 1336 Getuu·
573 1287 680 1350 Syrtibus
692 1287 736 1344 usi,

138 1349 256 1414 Ionioque
266 1351 332 1404 meri,
342 1350 475 1414 Meleeque
485 1351 622 1415 sequacibus
632 1351 708 1401 nudis.

138 1414 196 1464 Non
200 1415 251 1480 jem
258 1414 333 1479 prima
339 1423 393 1478 peto
398 1416 544 1471 Mnestheus,
550 1431 626 1482 neque
633 1415 727 1466 vincere
733 1422 797 1466 certo
802 1433 811 1480 3

138 1480 326 1594 qussffi
343 1481 384 1529 sed
394 1489 512 1545 superent,
526 1482 611 1548 quibus
624 1483 678 1540 hoc,
689 1483 811 1547 Neptune,

327 1582 335 1607 p
652 1571 661 1587 X
762 1549 811 1600 19⁵

138 1607 261 1658 Enbemos
271 1611 360 1674 pudeat
369 1610 477 1659 rediisse:
493 1612 538 1660 hoc
548 1610 643 1667 vincite,
653 1610 724 1668 cives,

138 1674 171 1722 Et
181 1676 304 1738 prohibete
314 1677 386 1724 nesus.
421 1676 469 1726 Olli
479 1675 605 1724 certamine
616 1691 705 1727 summo

138 1738 316 1788 Procumbunts
331 1740 402 1788 vestis
412 1740 491 1790 tremit
499 1741 585 1788 ictibus
594 1755 656 1788 erec
666 1739 760 1814 puppis,

138 1802 335 1869 Subtrahitnrque
345 1805 434 1865 solnm;
448 1813 499 1852 tum
509 1804 591 1850 creber
601 1803 718 1850 cnbelrtus
729 1811 792 1850 ertns

137 1867 259 1931 Aridnque
269 1883 311 1917 ors
320 1869 410 1932 quetit3
426 1867 556 1916 sudortlnit
565 1867 671 1929 undique
680 1868 743 1916 rivis.
760 1871 808 1917 20⁰

137 1932 232 1980 Adtulit
241 1934 292 1996 ipse
302 1933 358 1981 viris
368 1941 475 1996 optutum
485 1946 551 1979 cesus
560 1931 679 1980 honorem.

138 1995 256 2058 Namque,
273 1998 354 2044 furens
369 1997 448 2052 enimi,
460 1997 516 2042 dum
531 2010 624 2060 prorem
640 1997 671 2044 ed
688 2011 744 2044 sexu
754 1996 808 2045 snb:

234 2075 263 2106 ur
295 2069 320 2107 et

137 2122 249 2179 Interior,
259 2075 379 2188 sgpsusdoqne
389 2123 451 2172 subit
461 2122 581 2187 Sergestus
591 2123 679 2190 iniquo,

137 2189 227 2238 Infelix
237 2189 299 2236 sexls
309 2188 334 2236 in
345 2188 533 2252 procurrentibus
541 2189 614 2238 hesit.

138 2255 265 2304 Concusse
276 2261 363 2309 cautes
374 2262 399 2302 et
408 2262 477 2302 scuto
487 2253 512 2301 in
524 2255 612 2304 murice
622 2255 681 2304 remi
761 2255 808 2304 205

140 2320 230 2369 obnixi
240 2335 360 2384 crepuere,
369 2317 483 2383 inlisaque
492 2333 562 2382 prore
572 2320 693 2386 pependit.

139 2383 291 2449 Consurgunt
301 2392 387 2441 naute,
397 2393 422 2432 et
432 2399 516 2448 magno
526 2385 627 2434 clamore
637 2388 757 2432 morsnnu
763 2399 772 2443 ;

139 2448 293 2514 Ferretesque
302 2451 383 2499 uudes
392 2459 417 2499 et
427 2451 494 2498 ocuti
504 2451 601 2514 cuspide
610 2455 691 2497 contos

139 2511 178 2562 Ex
226 2515 285 2572 unt,
295 2516 426 2580 frutusque
436 2516 516 2578 legunt
526 2515 552 2562 in
562 2513 655 2578 gurgite
664 2523 747 2560 remos.

139 2577 173 2626 At
260 2581 407 2636 Mnestheus,
418 2593 570 2642 sccoeuuque
579 2577 654 2625 serior
664 2575 722 2640 ipso,
761 2579 809 2627 210

140 2642 243 2707 Agmine
252 2659 368 2694 remorum
376 2645 456 2701 celeri,
466 2645 588 2707 ventisque
598 2640 693 2697 vocetis,

772 2781 926 2886 Α
