1898 2934
127 113 175 159 12⁰
320 106 481 158 AENEIDOS
497 107 555 158 Lss.
567 107 605 160 Π.

126 231 203 297 Sudor¹
214 228 242 279 iit
248 249 256 292 ;
272 238 355 294 terque
365 231 417 294 ipsa
427 228 476 278 solo
486 228 606 293 (mirabile
617 229 696 294 dictu)
753 234 803 282 1⁷4

125 295 239 350 Emicuit,
251 311 403 360 parmamque
413 295 491 343 terens
502 295 639 359 hastamque
656 303 800 346 trementem.

125 360 252 424 Extemplo
263 362 378 408 tentanda
388 360 445 424 fugi
455 360 520 407 canit
531 375 626 423 equora
636 359 751 422 Calchas3

124 424 180 474 Nec
191 441 257 489 posse
267 424 384 489 Argolicis
394 424 500 474 exscindi
511 424 628 487 Pergama
637 425 697 480 telis,
791 460 793 464 .
842 462 844 467 .

124 487 213 538 Omina
223 489 249 536 ni
259 498 367 553 repetant
377 489 456 553 Argis,
467 503 602 552 numenque
612 490 735 546 reducant,

123 555 195 612 Quod
206 555 290 618 pelago
300 564 325 603 et
334 555 412 604 curvis
422 569 502 602 secum
513 568 613 602 avexere
624 554 717 602 carinis.

123 618 157 666 Et
168 634 238 673 nunc,
251 622 315 681 quod
326 620 414 684 pstriru
425 627 496 668 vento
507 618 597 682 petiere
607 619 732 682 Mycenas,
751 622 798 666 180

121 683 197 731 Arma
207 683 318 747 Deosque
329 691 415 749 parant
425 683 528 738 comites,
539 683 669 746 pelagoque
680 697 789 732 remense

121 747 240 811 Inprovisi
251 750 359 798 aderunt.
387 750 427 797 Ita
437 748 523 810 digerit
533 747 613 795 omina
623 747 731 796 Calchas.

122 812 193 860 Hanc
204 827 247 876 pro
257 813 372 870 Palladio,
384 813 473 866 moniti,
484 827 528 874 pro
539 812 635 860 numine
646 812 701 861 laeso

121 878 230 941 Effigiem
242 886 359 941 statuere3
375 879 441 926 nefas
451 893 504 941 quae
515 877 581 924 triste
592 877 675 940 piaret.

120 942 192 990 Hanc
203 950 281 991 tamen
293 945 423 993 inmensam
434 941 535 990 Calchas
547 941 659 990 adtollere
671 941 755 989 molem

120 1006 255 1056 Roboribus
266 1010 344 1064 textis,
355 1008 460 1070 coeloque
470 1007 580 1061 educere,
587 1007 666 1070 jussit,
747 1008 796 1054 186

118 1071 145 1120 N
146 1089 159 1122 e
170 1073 242 1136 recipi
253 1074 337 1184 portis,
348 1081 389 1121 aut
399 1071 453 1119 duci
464 1071 490 1118 in
502 1071 589 1118 moenia
599 1070 680 1135 possit,

119 1137 176 1186 Neu
187 1153 252 1202 popu
262 1153 301 1186 um
313 1135 410 1202 antiqui
420 1136 463 1183 snb
474 1135 588 1199 religione
598 1136 667 1183 tueri.

118 1203 144 1250 N
145 1218 183 1251 am
194 1203 213 1250 si
225 1209 303 1250 vestra
314 1218 397 1252 manus
408 1201 515 1249 violasset
525 1203 589 1250 dona
600 1201 727 1256 Minervae,

117 1268 179 1316 Tum
193 1283 304 1331 magnum
320 1268 418 1317 exitium
428 1267 505 1333 (quod
519 1265 555 1314 Dt
567 1266 632 1330 prius
642 1281 712 1314 omen
722 1265 748 1312 in
759 1262 796 1328 ip-

213 1347 264 1380 sum
748 1333 796 1379 190

117 1395 292 1458 Convertantl)
311 1395 399 1444 Priami
415 1394 514 1459 imperio
532 1394 713 1458 Phrygibusque
731 1395 795 1441 futu·

212 1475 279 1507 rum:

116 1523 158 1572 Sin
169 1524 278 1571 manibus
288 1523 371 1570 vestris
381 1529 483 1568 vestram
494 1521 653 1570 adscendisset
666 1521 692 1568 in
703 1521 795 1578 urbem,

115 1588 185 1637 Ultro
196 1587 278 1634 Asiam
287 1603 373 1650 magno
385 1585 489 1647 Pelopea
499 1587 530 1632 ed
541 1586 628 1632 moenia
638 1585 699 1632 bello

114 1652 256 1707 Venturam,
267 1658 292 1700 et
302 1662 395 1700 nostros
405 1665 434 1698 ea
445 1649 495 1696 fata
506 1665 601 1698 manere
612 1658 719 1712 nepotes.

147 1717 244 1764 Talibus
255 1715 346 1764 insidiis
357 1713 494 1780 perjurique
504 1721 554 1762 arte
565 1713 658 1762 Sinonis
744 1715 794 1768 195

116 1780 215 1831 Credita
225 1797 270 1837 res,
281 1782 392 1846 ceptique
402 1778 461 1827 dolis
472 1777 618 1843 lacrimisque
628 1777 723 1834 coactis,

115 1847 182 1904 Quos
193 1862 270 1910 neque
279 1847 394 1912 Tydides,
403 1859 448 1892 nec
460 1843 588 1892 Larissaeus
597 1842 711 1899 Achilles,

115 1910 174 1958 Non
185 1911 242 1958 anni
253 1912 365 1960 domuere
375 1913 466 1964 decem,
476 1924 525 1956 non
536 1909 599 1957 mille
610 1908 703 1956 carina.

147 1974 196 2023 llic
207 1974 271 2021 alind
283 1976 359 2041 majus
370 1973 458 2024 miseris
469 1975 587 2040 multoque
598 1975 747 2022 tremendum

115 2039 236 2104 Objicitnr
246 2039 327 2103 magis,
339 2048 410 2104 atque
420 2039 546 2101 inprovida
556 2046 653 2106 pectora
663 2038 748 2086 ttnbat.

113 2103 233 2158 laocoon,
243 2102 328 2152 ductus
339 2105 454 2168 Neptuno
464 2111 525 2154 sorte
535 2103 652 2160 sacerdos,
741 2105 789 2152 aot

114 2167 235 2218 Solemnes
245 2175 340 2216 taurum
350 2170 471 2232 ingentem
479 2171 597 2218 mactabat
607 2169 638 2216 ad
649 2183 708 2216 aras.

114 2233 180 2284 Ecce
191 2239 270 2282 antem
280 2234 367 2297 gemini
378 2249 394 2281 a
403 2232 501 2304 Tpnedo
512 2233 639 2298 tranquilla
650 2231 750 2296 perdta

112 2300 246 2412 quorresco
255 2297 373 2362 referens)
383 2297 496 2372 inmensis
505 2300 601 2375 orbibus
612 2312 699 2361 angues
816 2372 819 2378 Ι

130 2365 262 2414 ncumbunt
273 2363 364 2427 pelago,
376 2368 509 2426 pariterque
520 2365 551 2410 ad
563 2365 631 2410 litora
641 2361 743 2408 tendunt
749 2377 757 2421 3

114 2427 217 2478 Pectora
227 2443 326 2492 quorum
336 2429 399 2476 inter
410 2425 495 2473 fluctus
505 2425 720 2490 adrectajubaeqne
740 2427 788 2476 206

114 2492 254 2557 Sanguineas
265 2499 409 2558 exsuperant
419 2491 510 2551 nndas;
525 2507 580 2555 pars
590 2500 669 2538 cetera
679 2498 778 2554 pontum

114 2557 182 2606 Pone
192 2558 257 2623 legit,
268 2558 408 2623 sinuantque
420 2553 527 2604 inmensa
536 2555 654 2605 volumine
665 2564 738 2620 terga.

115 2621 154 2671 Pit
164 2623 261 2682 multus,
272 2633 397 2690 spumante
407 2619 455 2670 salo
465 2637 471 2668 :
483 2620 583 2690 jamque
593 2636 650 2672 arvo
659 2621 780 2680 tenebant,
