1898 2934
214 417 253 484 P.
275 414 476 482 VIRGILII
499 413 718 484 MARONIS

351 579 575 650 AENEIDOS

298 751 424 801 LIBER
445 748 626 800 TERTIUS.

125 1029 276 1082 Posrnursr
288 1045 325 1080 ros
336 1031 399 1079 Asiae
410 1028 547 1093 Priamique
557 1037 663 1078 evertere
673 1037 769 1094 gentem

125 1095 265 1144 Inmeritsm
274 1096 349 1144 visum
361 1095 465 1159 Superis,
475 1092 608 1159 ceciditque
618 1097 746 1160 superbum

124 1159 206 1216 Ilium,
216 1169 241 1209 et
251 1161 327 1209 omnis
336 1162 408 1209 burno
419 1160 494 1208 fumet
505 1159 630 1224 Neptunia
638 1160 711 1227 Troje
717 1179 725 1224 3

124 1225 227 1279 Diversa
235 1225 318 1274 exsilis
327 1233 353 1274 et
363 1227 467 1281 deserta
476 1239 582 1289 querere
592 1231 667 1274 terres

122 1290 238 1354 Auguriis
248 1291 339 1355 agimur
347 1291 444 1346 Divbm‚
454 1290 597 1354 classemque
607 1291 652 1340 sub
662 1290 715 1354 ipsb
784 1293 802 1345 ὅ

124 1354 251 1404 Anteudro
261 1364 286 1404 et
297 1355 317 1403 P
363 1355 408 1421 giae
420 1355 528 1404 molimur
538 1354 657 1403 montibus
668 1355 735 1417 Idrs3

123 1417 214 1467 Inuerti
225 1420 272 1482 qub
283 1420 333 1468 sats
353 1428 429 1476 erant,
441 1420 482 1466 ubi
493 1419 574 1466 sistere
585 1419 670 1479 detur;

124 1481 337 1546 Coun-ubimusque
349 1484 417 1531 viros.
439 1483 489 1531 Vix
500 1483 576 1546 primo
585 1482 707 1546 inceperet
717 1490 785 1532 restes
791 1499 799 1543 ;

123 1545 158 1594 Et
168 1554 235 1610 pater
245 1545 361 1594 Anchises
372 1547 429 1594 dore
440 1546 494 1593 fotis
504 1546 558 1593 vele
564 1545 682 1609 jubebut5
782 1551 801 1597 9

123 1609 206 1657 Litore
214 1625 288 1675 quum
299 1609 381 1672 patrias
392 1609 516 1658 lacrimans
526 1617 654 1674 portusque
664 1609 780 1674 relinquo,

124 1672 158 1722 Et
167 1689 270 1738 compos,
281 1673 322 1722 ubi
331 1673 404 1740 Troje
415 1673 467 1722 fnit.
495 1673 567 1721 Feror
578 1673 644 1721 exsui
655 1674 680 1721 in
692 1674 765 1725 altum

123 1737 187 1788 Cum
197 1740 274 1795 sociis,
283 1746 393 1804 natoque,
404 1737 534 1788 Penatibus
543 1746 567 1786 et
578 1739 668 1802 mugnis
679 1739 733 1787 Dis.

155 1805 229 1854 Terra
239 1805 321 1870 procul
332 1804 403 1854 vestis
413 1805 497 1854 colitur
507 1803 626 1852 Mavortia
637 1804 734 1868 campis,

122 1869 227 1918 'Ibreoes
237 1878 313 1924 mont,
324 1870 372 1919 scri
379 1871 498 1935 quondum
509 1876 606 1932 regnate
618 1869 742 1933 Lycurgo;

122 1933 259 1999 Hospitium
270 1935 393 1999 antiquum
402 1935 489 2001 ijo,
499 1933 601 1998 sociique
612 1933 722 1990 Penates,
767 1937 798 1986 15

123 1998 189 2046 Dum
201 1999 297 2046 fortune
307 1999 359 2048 fuit.
387 2001 460 2048 Feror
471 2001 525 2052 buc.
535 2005 560 2046 et
570 1998 639 2046 litore
649 2015 722 2049 curvo

122 2062 216 2110 Moenio
227 2063 302 2126 prime
312 2064 372 2118 loco,
384 2064 438 2112 fotis
447 2064 564 2129 ingressus
574 2063 674 2126 iniquis;

122 2125 215 2175 AEueed
257 2143 287 2176 ue
297 2143 350 2176 meo
360 2143 447 2178 nomen
458 2131 489 2178 de
499 2128 594 2177 nomine
604 2129 675 2192 fingo.

155 2190 227 2240 Suom
264 2193 345 2240 ionaeae
356 2193 426 2242 matri
437 2194 543 2258 divisque
553 2193 658 2242 ferebam

121 2253 265 2334 Auspicibus
276 2265 405 2322 emptorum
416 2275 529 2323 operum
544 2273 675 2322 superoque
683 2257 796 2306 nitentem

122 2318 260 2372 Coelrcolbm
270 2323 321 2386 regi
332 2324 462 2372 mactabam
473 2324 499 2372 in
509 2324 576 2371 litore
587 2333 687 2370 tuurum
764 2326 794 2371 21

121 2385 193 2437 Forte
203 2389 249 2436 fnit
254 2388 326 2454 juxto
336 2387 447 2443 tumulus,
457 2404 504 2453 quo
515 2403 602 2436 corneo
612 2403 701 2434 summo

120 2450 240 2517 Virgults,
248 2463 275 2502 et
285 2453 364 2502 densis
374 2453 496 2501 hastilibus
507 2453 603 2500 horrido
613 2459 711 2516 myrtus.

120 2514 235 2580 Adoessi5
250 2519 396 2584 viridemque
407 2519 437 2566 nb
447 2520 518 2566 burno
529 2517 660 2566 convellere
671 2517 752 2566 silvam

121 2577 235 2638 conanus,
245 2585 316 2633 remis
325 2593 428 2648 tegerem
438 2591 466 2632 ut
476 2581 641 2631 frondentibus
651 2599 711 2639 ures,
764 2587 796 2634 2⁵

120 2642 274 2700 Horreudum
284 2658 309 2701 et
319 2650 385 2701 dietu
396 2649 466 2700 video
475 2648 582 2700 mbobile
593 2658 736 2700 monstrum

934 1649 942 1701 i
