1882 2924
150 103 198 162 sce
339 90 648 148 dnn1nosn1sx11.

152 217 283 284 Unguibus
292 233 333 269 ore
343 232 410 266 soror
420 218 518 272 rodens,
529 224 554 266 et
564 225 661 282 pectore
671 219 776 296 pugnis3

154 285 221 344 Quid
232 293 331 334 nuncto
341 291 391 338 tus,
402 284 489 336 Turne,
500 290 577 346 potest
587 297 698 346 germane
705 287 814 349 Juvue?

155 351 207 400 Aut
218 351 277 413 quid
285 352 335 415 jam
346 348 414 396 dure
425 356 519 410 supetat
530 347 666 411 mihi?.qui
676 349 721 396 tibi
732 352 815 400 lncetn

157 416 217 464 Arte
230 415 319 464 morer?
331 411 396 460 tdin'
404 428 497 476 possum
508 427 546 460 me
556 427 676 477 opponere
687 417 813 464 monstro?

158 481 174 532 J
176 497 213 528 sm
220 479 274 543 jem
284 481 363 540 linquo
375 479 444 528 ecies.
477 477 518 526 Ne
529 493 567 526 nne
576 485 662 525 terrete
672 480 807 536 timentem,

160 547 278 594 Obscenos
289 543 409 606 volucres3
424 543 513 592 clerum
523 543 622 590 verbero
631 557 712 599 nosco,
790 549 844 596 876

162 609 315 674 Letalemqne
325 623 423 668 sonum;
439 622 483 656 nec
494 606 579 655 fallunt
586 607 653 670 jussa
663 610 766 673 superbo

162 675 313 736 Magnenimi
323 673 396 723 Jovis.
430 673 489 720 Hoec
500 687 543 735 pro
552 672 687 735 virginitate
696 674 808 738 reponit!

163 739 219 796 Quo
230 739 304 787 vitem
315 736 381 786 dedit
392 737 519 785 aeternnm?
535 753 578 784 cur
589 737 670 786 mortis
681 740 777 788 ndemtn
787 747 828 788 est

165 803 294 854 conditio?
312 817 402 867 possem
412 811 490 850 tantos
501 800 569 848 finire
579 801 671 850 dolores
792 808 845 854 880

165 869 323 928 Nunccerte,
333 874 357 914 et
367 867 451 915 misero
462 866 529 914 fratri
540 882 617 914 comes
626 865 662 916 ire
670 883 713 932 per
721 869 828 918 umbros.

165 933 303 982 Inmortslis
313 932 371 994 ego?
387 940 429 978 out
439 931 567 995 quidquam
578 931 634 980 mihi
646 932 716 981 dulce
728 949 838 982 meorum

166 999 202 1046 Te
213 998 271 1054 sine,
283 1001 363 1050 freter,
374 995 436 1045 erit?
468 995 490 1044 0
503 1011 556 1058 quos
567 997 623 1044 setis
633 996 683 1045 nita
691 998 801 1048 dehiscet

166 1063 241 1110 Terra
251 1063 317 1117 mihi,
329 1061 459 1124 Manesque
469 1060 547 1108 Deam
558 1061 667 1110 demittat
677 1063 708 1110 od
718 1062 794 1112 imos?

166 1127 356 1180 Tantumne,
367 1135 439 1188 caput
450 1124 533 1186 glauco
544 1125 648 1174 contexit
657 1127 745 1176 amictu
795 1131 847 1178 885

169 1191 250 1240 Multo
261 1207 364 1254 gemens,
374 1196 399 1237 et
410 1205 435 1238 sc
445 1189 517 1237 fluvio
529 1191 584 1238 Dea
593 1191 700 1240 condidit
711 1191 766 1241 ulto.

201 1255 289 1306 AEneas
300 1256 371 1304 instet
381 1264 470 1310 contro,
481 1255 600 1319 telumque
608 1264 715 1304 coruscat

170 1319 260 1384 Ingens
270 1321 401 1376 arboreum,
415 1331 440 1366 et
449 1335 512 1368 sevo
522 1321 555 1368 sic
567 1328 661 1383 pectore
672 1321 747 1368 somn

171 1385 233 1442 Quae
244 1401 308 1434 nunc
319 1385 406 1434 deinde
416 1399 482 1432 mors
491 1386 542 1432 est?
559 1392 601 1433 aut
610 1385 667 1449 quid
681 1386 742 1451 jem,
756 1387 849 1444 Turne,
922 1389 923 1394 ’

268 1450 396 1498 retractas?
799 1455 849 1502 889

171 1511 229 1561 Non
241 1530 319 1568 cursu,
329 1515 396 1561 saevis
406 1516 545 1562 certandum
555 1522 592 1563 est
601 1515 731 1564 comminus
741 1515 819 1564 armis.
921 1521 922 1542 ¹

170 1578 246 1626 Verte
257 1592 338 1625 omnes
347 1585 395 1624 tete
405 1576 431 1622 in
442 1577 529 1638 facim
545 1587 570 1626 et
580 1582 703 1638 contrahe,
714 1581 830 1644 quidquid

171 1641 227 1690 Sive
239 1642 329 1698 animis,
340 1641 389 1688 sive
400 1648 450 1688 crte
460 1643 539 1704 vnies3
554 1651 611 1706 opto
621 1645 697 1693 ardus
707 1645 794 1708 pennis

172 1707 246 1758 Astra
254 1709 328 1772 sequi,
338 1706 471 1755 clausumve
477 1707 535 1756 cavi
545 1715 569 1756 te
577 1709 680 1756 condere
690 1710 760 1757 terri.

172 1771 219 1820 Ille
231 1781 304 1838 ceput
314 1787 433 1836 quassans,
444 1771 502 1820 Non
513 1785 550 1820 me
561 1779 602 1819 tna
612 1772 704 1820 fervide
714 1781 806 1822 terrent

173 1835 257 1896 Dicte,
267 1839 334 1886 ferox
343 1855 349 1897 ;
361 1838 396 1886 Di
407 1852 445 1884 mc
451 1843 548 1892 terrent,
558 1844 583 1886 et
588 1836 699 1900 iuppiter
707 1839 787 1886 hostis.
799 1843 848 1891 895

171 1900 228 1950 Noc
241 1903 310 1968 pluro
321 1903 412 1956 effatus,
423 1917 505 1950 sexum
517 1901 675 1966 circumspicit
685 1903 777 1966 ingens,

172 1964 400 2031 Saxnmantiqnum,
410 1965 502 2028 ingens,
513 1968 666 2032 cempoqnod
677 1967 737 2014 forte
744 1968 849 2030 jacebat.

171 2028 255 2079 Limes
265 2046 322 2094 agro
334 2032 429 2094 positus,
440 2029 507 2078 litem
519 2041 545 2078 ut
553 2032 697 2080 discerneret
707 2031 770 2080 orvis
776 2051 784 2094 3

170 2091 221 2158 Vix
233 2095 294 2144 iliud
309 2094 366 2143 lecti
377 2096 462 2143 bissex
473 2097 566 2144 cervice
576 2097 689 2151 subirent,

171 2158 262 2214 Qualis
272 2173 337 2206 nunc
348 2160 468 2206 hominum
480 2161 590 2222 producit
597 2177 696 2224 corpore
703 2161 786 2222 telius5
801 2167 849 2214 900

170 2220 218 2274 Ille
231 2238 304 2274 manu
315 2230 408 2285 raptum
419 2224 512 2284 trepidi
521 2226 645 2288 torquebat
653 2226 680 2272 in
686 2227 786 2281 hostem,

169 2285 254 2350 ¹Altior
264 2288 394 2349 insurgens,
405 2297 429 2334 et
439 2301 510 2336 cursu
522 2291 634 2344 concitus.
645 2291 719 2338 heros.

171 2349 219 2397 Sed
233 2367 311 2414 neque
323 2359 454 2400 currentem
465 2366 500 2407 se,
510 2369 555 2400 nec
566 2354 683 2417 cognoscit
693 2361 799 2410 euntem,

168 2413 335 2476 Tollentemve
345 2431 415 2464 manu
427 2429 556 2480 saxumque
567 2418 660 2466 inmane
670 2425 818 2482 moventem

170 2476 263 2529 Genua
269 2479 357 2534 labant,
368 2479 458 2542 gelidos
466 2483 588 2530 concrevit
594 2483 679 2545 fnigore
685 2477 788 2544 sang'uis
801 2489 848 2538 905

168 2539 233 2603 ium
245 2541 305 2606 lapis
315 2545 366 2610 ipse
377 2543 430 2599 viri,
440 2559 542 2596 vacuum
553 2546 673 2612 perinane
683 2545 785 2604 volutus,
