1898 2934
321 117 487 168 AEusmos
503 119 560 168 Lm.
572 115 595 166 1.
765 122 799 168 97

116 240 229 306 Contigit
238 239 365 304 oppetere!
382 255 397 287 o
408 239 519 288 Danslrm
530 237 655 288 iordssime
665 240 742 304 gentis

114 306 223 374 Tydide,
233 321 303 354 mene
313 304 393 352 lliscis
403 305 542 352 occumbere
552 303 641 368 eampis

117 369 563 436 Nonpourisse,tuiqnesnimsmhsuo
570 369 798 418 effunderedextrbi

117 438 204 486 Stevus
214 435 256 482 ubi
267 435 375 484 AEsdde
386 433 434 482 telo
441 433 507 497 jscet
518 433 615 490 Hector,
631 434 672 482 ubi
682 434 766 498 ingens

118 501 261 565 Sarpedon3
278 499 319 547 ubi
329 508 365 547 tot
375 497 459 546 Simois
469 505 583 562 conrepta
590 499 634 546 sub
645 500 715 548 undis
748 501 798 548 100

119 566 196 616 Scuta
205 551 283 612 virum
293 564 417 639 galeasque
427 571 452 612 et
463 563 533 610 fortis
543 577 642 626 corpore
651 565 732 613 volvit.

153 631 222 678 Talis
228 629 332 694 juetsuti
342 629 443 677 studens
453 627 562 692 aquilone
572 629 675 692 procelle

118 695 210 744 Velum
220 694 319 742 adversa
330 693 392 748 ferit,
403 693 533 757 fluctusque
544 692 575 738 ed
586 693 664 742 sidere
673 694 740 743 tollit.

120 759 276 823 Franguntur
285 758 343 808 remi
350 777 358 820 3
373 767 424 806 tum
436 773 506 822 prore
516 755 608 812 evertit,
618 765 643 804 et
653 758 722 806 undis
748 763 799 810 104

120 825 175 873 Dat
184 825 258 885 letus5
268 823 398 888 Insequitur
406 823 500 872 cumulo
508 828 642 886 prereptus
648 837 715 886 eque
722 839 798 874 mons.

121 889 158 938 Hi
170 904 260 938 summo
270 889 296 936 in
306 889 380 937 fluctu
391 889 510 952 pendent:
527 887 564 934 bis
574 886 639 934 unde
649 886 772 936 dehiscens

120 955 221 1002 Terram
230 954 294 1002 iuter
303 954 389 1002 fluctus
400 954 490 1018 sperlt3
505 951 564 1000 furit
573 958 644 1000 estus
655 951 738 999 menis.

120 1019 182 1067 Tres
192 1019 272 1068 Notus
282 1019 392 1083 abreptus
402 1019 427 1066 in
438 1034 494 1066 ssxu
504 1016 602 1066 latentis
611 1023 718 1079 torquet:

122 1083 208 1132 *saxa
218 1091 305 1132 vocent
315 1084 379 1139 Itull,
389 1083 472 1132 mediis
482 1098 535 1147 ques
546 1082 572 1130 in
583 1081 700 1138 fluctibus,
710 1079 799 1129 Aresr*

121 1148 229 1197 Dorsum
239 1148 334 1197 intusne
344 1148 403 1196 mesi
413 1164 510 1196 summo.
537 1147 595 1196 Tres
606 1147 684 1196 Eurus
695 1147 725 1195 sb
736 1145 783 1194 slto

124 1213 156 1260 In
168 1212 250 1264 brevis
259 1221 286 1262 et
294 1220 370 1278 syrtes
380 1221 474 1276 urguet,
483 1211 614 1260 miserebile
623 1212 684 1268 visu,
751 1215 798 1260 111

124 1277 256 1340 Inliditque
266 1280 342 1334 vedis,
353 1285 424 1342 etque
435 1292 520 1341 aggere
531 1275 605 1340 cingit
616 1291 701 1325 ereum.

123 1343 213 1398 Unam,
223 1358 276 1406 qum
288 1343 374 1408 Lycios
384 1341 504 1405 fidumque
513 1341 616 1390 vehebat
626 1342 744 1397 Oronten,

124 1407 206 1471 Ipsius
216 1416 271 1457 ente
282 1407 362 1457 oculos
371 1407 455 1472 ingens
466 1405 580 1455 avertice
590 1415 676 1471 pontus

125 1471 158 1522 In
169 1472 268 1537 puppim
279 1474 348 1522 serite
365 1472 491 1528 excutitur,
501 1487 636 1536 pronusque
645 1471 756 1536 magister

125 1536 236 1586 Volvitur
246 1537 271 1585 in
282 1547 369 1603 esput3
385 1546 421 1588 sst
431 1538 495 1586 illem
505 1545 542 1586 ter
551 1537 636 1586 fluctus
646 1537 735 1586 ibidem
752 1541 799 1586 116

125 1601 230 1666 Torquet
240 1619 312 1667 egens
322 1603 418 1662 circum,
426 1613 450 1653 et
459 1602 557 1668 tepidus
567 1612 634 1652 voret
643 1617 737 1668 equore
748 1616 799 1650 vor·

222 1673 271 1716 tex.
566 1679 568 1684 ·

126 1729 253 1795 Adparent
262 1731 309 1782 rari
320 1740 404 1782 nentes
413 1732 439 1781 in
450 1732 542 1798 gurgite
552 1739 618 1780 vesto
624 1751 633 1794 ς

127 1796 203 1844 Arme
212 1796 297 1854 virum,
306 1797 448 1861 tsbulreque,
459 1806 484 1846 et
493 1796 567 1844 Troia
577 1812 636 1858 guse
646 1810 689 1859 per
699 1795 783 1842 undas.
794 1833 798 1840 .

127 1861 144 1910 J
145 1876 184 1908 nm
194 1861 297 1910 relidam
307 1861 393 1911 llionei
403 1877 496 1916 nerem,
500 1861 552 1925 jem
561 1860 627 1908 fortis
634 1860 742 1918 Acbstae,
754 1863 802 1912 120

129 1925 162 1972 Et
172 1941 222 1990 qus,
229 1937 311 1975 vectus
321 1926 395 1984 Abas,
406 1935 430 1976 et
441 1943 489 1991 qus
499 1925 638 1990 grandevus
648 1924 738 1981 Aletes,
782 1927 784 1932 '

127 1989 195 2038 Vicit
203 1991 293 2040 biems:
308 1991 366 2040 lexis
377 1992 477 2042 luterum
486 1989 630 2054 conpegibus
641 2005 722 2038 omnes

127 2053 262 2119 Adcipiunt
271 2056 391 2106 inimicum
401 2057 508 2111 imbrem,
518 2055 631 2120 rimisque
638 2055 758 2104 fatiscunt.

150 2120 259 2170 ¹Interes
269 2137 353 2184 magno
364 2122 455 2170 misceri
465 2135 583 2170 murmure
594 2129 701 2184 pontum,

130 2183 291 2249 Emisssmque
302 2185 404 2236 hiemem
413 2186 486 2234 sensit
496 2186 631 2249 Neptunus,
642 2193 666 2233 et
676 2183 728 2232 imis
756 2187 804 2234 125

132 2248 220 2314 Stogns
230 2252 310 2300 refusa
318 2252 394 2308 sedis,
405 2250 507 2316 grsviter
518 2258 640 2314 conmotus
647 2267 654 2312 ;
669 2258 701 2306 et,
713 2248 761 2298 ulto
797 2289 801 2298 .

130 2312 288 2379 Prospiciens,
298 2317 386 2364 summi
396 2315 515 2380 placidum
525 2323 597 2379 ceput
606 2313 691 2363 extulit
701 2314 771 2362 undt.

132 2377 263 2444 Disject'sm
273 2381 359 2430 AEneae
370 2389 421 2429 toto
430 2379 496 2428 sidet
505 2395 599 2443 equore
609 2381 706 2428 classem
714 2395 723 2442 ᾗ

132 2441 255 2492 Fluctibus
264 2461 387 2510 oppressos
396 2444 470 2493 Troes
480 2444 578 2508 coelique
588 2443 665 2492 minu

133 2503 187 2554 Nec
198 2508 287 2557 latuere
298 2510 347 2558 doli
358 2511 455 2558 fratrem
465 2509 481 2558 J
483 2509 567 2556 unouis
577 2515 602 2555 et
612 2507 660 2554 irae.
758 2503 808 2550 130

134 2567 276 2683 Eurumfed
298 2589 324 2622 se
344 2573 526 2638 Zephyrumque
544 2577 613 2620 vocet
619 2586 628 2630 ;
648 2565 736 2615 dehinc
752 2565 809 2616 telis

240 2645 307 2692 utut:
319 2687 321 2692 ,
390 2671 391 2676 ,
585 2675 587 2682 ,
663 2651 664 2656 ’
703 2673 705 2679 s
776 2673 779 2680 ,
799 2662 802 2675 .

600 2712 616 2744 s
