1878 2930
295 97 503 152 nnonfflcon‘
516 99 572 150 Lis.
585 101 640 151 lll:
771 101 801 149 67

125 227 175 282 Sed
187 232 238 273 tota
247 224 273 272 in
283 223 364 272 dulces
374 232 511 273 consument
521 225 594 274 ubera
604 229 679 272 name.

159 291 202 340 Sin
214 291 245 338 ad
257 289 320 337 bella
330 289 402 353 magis
413 287 516 336 studium
525 297 659 355 numasque
670 288 766 342 seroces,

123 355 177 404 Aut
188 355 285 418 Alphea
294 354 350 402 totis
360 353 457 418 praelabi
468 353 564 402 flumina
573 355 642 412 Pisa,
750 355 799 400 180

125 420 159 468 Et
170 421 186 470 J
188 419 239 467 oris
249 419 275 466 in
286 419 338 467 luco
348 433 432 468 currus
442 417 531 480 agitare
541 419 657 468 volantes:

124 484 223 532 Primus
233 482 288 547 equi
297 483 363 530 labor
373 489 415 539 est,
428 483 517 530 animos
525 490 593 547 atque
605 500 669 534 arma
679 483 761 532 videre

125 549 272 602 Bellantum,
283 547 396 610 lituosque
407 547 472 610 pati3
489 553 608 624 tractuque
618 558 750 614 gementem

125 613 198 661 Ferre
209 621 293 666 rotam,
304 619 328 658 et
337 612 428 660 stabulo
439 612 519 658 fleuos
529 613 609 661 audire
620 622 743 675 sonantes;

124 679 187 726 Turn
198 676 274 741 magis
285 683 353 740 utque
363 675 438 740 magis
448 672 541 723 blandis
551 677 652 738 gaudere
662 675 766 743 magistri

124 741 258 797 Laudibus,
268 748 294 788 et
304 741 390 804 plausae
402 740 503 788 sonitum
514 739 609 787 cardeia
621 757 704 792 amare.
749 746 798 794 186

124 807 208 871 Atque
218 807 270 855 hac
277 805 328 870 jam
339 806 414 870 primo
424 805 538 868 depulsus
547 804 577 850 ab
589 804 660 852 ubere
670 807 750 856 matria

124 870 231 926 Audeat,
240 871 313 935 inque
323 871 398 918 vicem
408 870 450 918 det
460 867 567 918 mollibus
578 884 619 916 ora
629 870 734 932 capistris

124 936 259 992 invalidus,
269 935 386 999 etiamque
395 943 505 990 tremens,
515 933 587 982 etiam
596 933 682 982 inscius
692 935 743 983 aeri.

124 1002 160 1050 At
170 1001 247 1049 tribus
257 1000 344 1049 exectis
354 999 395 1048 ubi
404 1007 488 1064 quarta
498 998 624 1047 adcesserit
634 1005 709 1055 estus,
750 1003 797 1050 190

125 1065 232 1130 Carpere
243 1081 298 1114 mox
310 1079 394 1130 gyrum
403 1063 509 1128 incipiat,
520 1064 677 1128 gradibusque
688 1077 772 1112 souare

125 1129 276 1195 Compositis,
285 1129 408 1192 sinuetque
418 1129 509 1178 alterna
517 1129 637 1187 volumina
646 1144 741 1176 crurum
746 1146 756 1191 ς

126 1194 211 1258 Sitque
221 1195 337 1242 laboranti
347 1193 441 1255 similis;
457 1202 507 1242 tum
518 1193 624 1242 cursibus
634 1207 710 1248 auras,

124 1260 186 1308 Tum
198 1267 275 1316 vocet,
285 1275 312 1307 ac
323 1266 458 1324 peraperta
468 1258 557 1313 volans,
568 1273 611 1306 ceu
622 1257 681 1306 liber
692 1256 798 1313 habenis,

125 1325 242 1388 AEquora,
251 1324 291 1371 vir
302 1323 391 1372 summi
401 1322 499 1386 vestigia
509 1331 583 1387 ponat
593 1321 678 1371 areni:
751 1325 797 1372 195

125 1389 210 1447 Qualis
220 1388 381 1454 Hyperboreis
390 1387 478 1452 Aquilo
488 1404 560 1452 quum
571 1389 658 1436 &usus
667 1387 698 1436 ab
708 1387 756 1436 oris
783 1384 788 1420 l

125 1453 250 1510 Incubuit,
260 1453 409 1518 Scythiaeque
419 1451 501 1501 hiemis
512 1460 583 1530 atque
593 1453 659 1502 arida
668 1452 750 1503 differt

125 1519 231 1567 Nubila:
248 1525 300 1566 tum
309 1526 397 1582 segetes
408 1517 460 1568 alte
471 1533 594 1583 camplque
604 1526 711 1567 natantes

126 1583 233 1632 Lenibus
243 1584 381 1630 horrescunt
391 1582 476 1638 flabris,
486 1597 629 1646 summaque
639 1599 745 1632 sonorem
762 1637 765 1641 ,

124 1647 195 1696 Dant
204 1647 275 1703 silva,
287 1647 396 1712 longique
406 1653 507 1710 urguent
517 1648 548 1696 ad
559 1648 628 1696 litora
635 1649 730 1696 fluctus:
749 1653 797 1696 200

126 1711 173 1761 Illa
183 1712 255 1771 volat,
266 1711 333 1760 simiel
344 1727 400 1759 arva
411 1711 475 1776 fugi,
485 1711 553 1760 simul
563 1726 658 1774 aequora
668 1725 769 1762 verrens.

126 1777 175 1826 Hic
185 1777 224 1824 vel
235 1777 266 1826 ad
278 1775 332 1824 Elei
341 1784 414 1824 metas
424 1783 448 1824 et
458 1791 567 1824 munina
576 1775 654 1838 campi

126 1840 228 1890 Sudabit
238 1841 321 1904 spatia,
331 1849 357 1888 et
366 1855 460 1904 spumae
470 1848 524 1904 aget
534 1855 575 1888 ore
585 1847 693 1888 muentm
699 1857 707 1902 ;

126 1906 226 1970 Belgica
235 1906 274 1954 vel
285 1905 348 1954 molli
358 1903 441 1954 melitis
450 1904 512 1968 seret
520 1905 603 1952 esseda
612 1905 678 1954 collo.

125 1971 189 2019 Tum
199 1971 297 2020 demum
304 1970 382 2018 crasi
391 1984 502 2032 maguum
513 1969 629 2032 farragine
639 1986 724 2036 corpus
749 1972 797 2022 205

125 2033 240 2086 Crescere
251 2036 304 2100 jem
315 2033 411 2086 ¹domitia
424 2033 509 2096 ainito;
524 2049 625 2098 namque
636 2045 691 2085 ante
701 2037 797 2085 doman-

223 2101 282 2148 dum

85 2192 88 2198 ‚
124 2161 240 2228 Ingentes
249 2163 333 2212 tollent
343 2163 440 2218 animos,
449 2161 574 2227 pronaique
583 2166 703 2229 negabunt

125 2229 235 2279 Verbera
244 2228 310 2277 lenta
321 2229 370 2292 pati
380 2233 405 2276 et
415 2228 481 2276 duris
491 2243 573 2305 parere
584 2229 676 2294 lupatis.
737 2257 738 2260 =
777 2261 778 2264 =

126 2334 128 2340 .
158 2293 207 2342 Sed
218 2309 267 2342 nou
278 2293 328 2342 ulla
337 2293 411 2356 magis
421 2293 482 2341 vires
492 2292 609 2342 industria
617 2297 701 2352 firmat,
749 2297 797 2342 209

125 2359 206 2418 Quam
216 2359 337 2408 Venerem
348 2363 372 2408 et
382 2357 439 2406 oeci
449 2357 553 2406 stimulos
562 2368 667 2409 avertere
679 2357 770 2412 amoris,

125 2423 182 2472 Sive
192 2424 274 2478 bounu
285 2423 334 2471 sive
345 2429 380 2470 est
390 2423 429 2471 cui
439 2421 526 2486 gratior
537 2439 591 2472 usus
602 2439 723 2488 equorum·

124 2487 207 2551 Atque
217 2488 273 2536 ideo
284 2497 363 2536 tauros
373 2488 454 2552 procul
465 2494 535 2548 atque
545 2488 573 2544 in,
582 2488 631 2536 sola
641 2489 746 2549 relegant

125 2551 233 2666 Pascua,l
243 2561 298 2616 post
312 2559 415 2602 montem
429 2551 570 2618 oppositum,
583 2559 607 2599 et
621 2558 686 2599 trans
703 2550 800 2597 flumina

177 2647 179 2664 ¹
234 2625 287 2680 “1⁸5
