1882 2924
282 132 451 184 ‚AENEIDOS
467 133 524 182 Lis.
536 133 596 186 XII.
738 143 787 190 369

113 257 169 308 Nec
179 255 280 322 spatium
290 257 364 306 evesit
373 263 456 313 totum,
466 271 511 304 uec
522 257 617 320 pertulit
626 258 705 308 ictum.

112 323 155 374 ,Ac
165 322 266 370 velutin
276 323 370 376 somnis,
382 321 460 368 oculos
471 321 512 368 ubi
523 321 634 384 languide
645 326 728 388 pressit

114 389 194 438 Nocte
205 388 277 463 quies,
288 387 445 452 nequidquam
457 385 537 433 aridos
547 389 674 436 extendere
684 405 765 438 curem

113 452 184 502 Velle
193 454 308 508 videmur,
320 462 344 502 et
355 453 380 499 in
391 451 473 499 mediis
482 450 604 499 conatibus
614 453 671 518 aegri
734 459 782 504 910

114 516 275 577 succidimus3
290 532 337 565 non
347 517 428 580 lingue
437 516 507 570 velet,
522 529 570 562 uon
580 532 678 582 corpore
688 527 749 568 notre

114 580 239 630 Sufficiunt
248 583 317 638 vires,
328 599 372 630 nec
384 597 429 628 vox
440 588 481 629 eut
491 581 564 627 verbu
573 591 712 645 sequuntur:
797 605 801 613 ·

115 647 154 695 Sic
165 648 253 702 Turno,
263 662 409 712 quecumque
419 647 481 694 vium
491 644 577 693 urtute
587 648 679 709 petivit,

114 711 251 761 successum
263 713 316 760 Dee
326 713 379 760 dire
389 720 466 774 neget.
498 711 559 758 Tum
571 719 665 773 pectore
675 727 756 760 sensus

115 777 248 825 Vertuntur
256 778 321 826 varii.
355 775 458 824 Rutulos
468 776 595 838 adspectet,
606 785 631 824 et
642 777 731 832 urbem,

116 839 293 905 cunctaturque
304 850 376 896 metu,
388 841 505 904 telumque
516 840 603 902 instare
614 841 725 890 tremiscit
731 859 739 902 ;
770 863 773 872 ·

75 921 78 926 ·
115 905 140 952 N
142 921 177 962 ec,
187 906 233 969 qud
245 922 270 955 se
280 907 373 970 eripiet,
382 921 434 960 nec,
445 905 490 968 qut
500 905 524 951 vi
534 905 616 952 tendet
626 906 651 952 iu
662 907 760 961 hostem,

114 970 170 1018 Nec
180 986 262 1018 curren
271 987 369 1036 usquam
379 969 451 1025 videt,
465 971 599 1033 aurigamve
609 985 716 1019 sororem.

115 1033 244 1084 Cunctanti
253 1036 325 1084 telum
333 1035 419 1084 AEuees
429 1034 500 1082 letale
510 1042 623 1090 coruscet,

116 1099 216 1148 Sortitus
223 1101 340 1149 fortunam
351 1100 437 1160 oculis3
448 1108 472 1146 et
482 1111 580 1162 corpore
590 1107 639 1147 toto
735 1103 784 1150 920

116 1163 215 1212 Emiuus
224 1166 350 1229 intorquet.
382 1163 472 1212 Murali
483 1163 575 1211 concite
586 1179 712 1228 numquam

114 1229 242 1278 Tormento
253 1229 286 1278 sic
297 1246 353 1278 sexo
362 1230 473 1284 fremunt,
484 1243 528 1276 nec
536 1227 633 1285 fulmine
645 1229 703 1276 tunti

117 1293 249 1344 Diseultent
259 1296 369 1359 crepitus.
402 1292 474 1342 Volet
484 1293 529 1340 etri
539 1293 638 1340 turbinis
648 1294 721 1342 inetur

116 1358 222 1408 Exitium
232 1361 309 1408 dirum
321 1361 387 1407 hesta
398 1359 483 1411 ferens,
493 1372 593 1420 orueque
601 1357 702 1406 recludit

116 1424 216 1481 Loricae,
226 1433 251 1473 et
261 1424 330 1488 clipei
341 1431 456 1472 extremos
467 1422 622 1486 septemplicis
632 1423 716 1484 orbee3
737 1426 784 1474 925

116 1488 164 1538 Per
175 1491 279 1538 medium
288 1489 388 1537 stridens
398 1487 482 1536 trensit
491 1487 574 1535 femur.
608 1487 696 1537 Incidit
710 1488 770 1550 ictus

116 1553 205 1617 Ingens
216 1555 247 1603 ud
258 1563 343 1602 terrum
353 1551 474 1618 duplicato
484 1551 572 1616 poplite
582 1551 682 1601 Turnus.

117 1617 269 1684 Consurgunt
279 1618 366 1683 gemitu
377 1617 469 1674 Rutuli,
484 1625 590 1682 totusque
601 1618 700 1682 remugit
754 1623 757 1630 '

116 1682 190 1731 Mons
200 1685 296 1739 circum,
307 1691 332 1731 et
342 1699 423 1732 vocem
434 1682 481 1730 lete
492 1697 589 1730 nemore
598 1680 646 1728 ulte
656 1681 785 1731 remittunt.

117 1747 162 1796 Ille
172 1749 266 1798 humilis
276 1749 420 1813 supplexque
436 1746 515 1794 oculos
525 1748 678 1808 dextrumque
689 1761 786 1810 precen-

212 1822 260 1862 tem
739 1815 788 1860 930

116 1877 272 1932 Protendens,
284 1875 400 1940 Equidem
412 1873 494 1927 merui,
505 1888 550 1921 uec
561 1873 683 1936 deprecor,
693 1873 787 1940 iuqnit3

116 1943 192 1992 Utere
203 1949 264 1988 sorte
275 1941 321 1987 tul.
355 1938 438 1986 Miseri
449 1947 473 1985 te
485 1937 503 1984 si
515 1954 561 2000 que
572 1937 676 2002 percutis

116 2007 224 2067 Tangere
235 2020 292 2052 curu
302 2011 378 2067 potest
387 2020 395 2063 ;
410 2017 451 2050 oro
460 2001 520 2067 (fuit
529 2010 554 2050 et
564 2001 607 2049 tibi
617 2001 671 2050 telis

116 2069 233 2118 Anchises
243 2066 355 2133 genitor),
371 2066 453 2116 Deuui
463 2067 572 2115 miserere
582 2076 698 2130 senecte3

117 2135 151 2184 Et
162 2149 207 2190 me,
218 2149 259 2182 seo
268 2148 353 2198 eorpus
364 2131 486 2196 spoliatum
497 2131 585 2179 lumine
597 2133 676 2188 mavis,
740 2135 788 2184 93⁵

116 2199 204 2250 Redde
215 2198 279 2247 meis.
313 2197 412 2257 Vicisti;
428 2203 452 2244 et
462 2196 549 2244 victum
559 2198 657 2246 tendere
668 2195 757 2260 palmes

116 2264 218 2314 Ausonii
228 2264 325 2322 ridere3
335 2271 376 2310 tue
387 2269 422 2309 eet
432 2261 532 2309 Lavinio
542 2262 660 2326 conjunx:

117 2329 223 2381 Ulterius
233 2345 264 2377 ne
274 2329 346 2376 tende
357 2326 423 2374 odiis.
457 2326 527 2376 Stetit
537 2342 591 2375 ucer
601 2327 627 2374 in
638 2325 708 2372 minis

117 2393 211 2451 AEnese
222 2394 318 2442 volvens
328 2390 415 2447 oculos,
425 2392 577 2456 dextrumque
588 2390 697 2454 repressit
706 2407 714 2450 3

118 2458 151 2506 Et
155 2461 205 2524 jam
211 2460 307 2525 jamque
315 2457 388 2520 magis
395 2464 544 2504 cunctuntem
551 2457 645 2503 flectere
651 2468 726 2502 sermo
737 2456 786 2504 949

118 2523 228 2588 Coeperu't
238 2543 244 2588 ς
254 2523 336 2581 infelix
347 2523 444 2569 humero
454 2537 508 2570 cum
519 2518 628 2584 udpuruit
640 2519 687 2567 ulto

118 2587 223 2646 Balteus,
233 2598 257 2638 et
267 2588 329 2640 notis
339 2586 455 2636 lubesunt
465 2585 559 2652 cingulo
567 2583 637 2634 bullis
