1898 2934
320 135 480 190 AENEIDOS
497 139 554 188 Ins.
563 137 600 191 V·
750 145 797 192 191

127 265 177 312 Ore
187 262 334 327 ejeetsntens,
344 261 510 326 mixtusquein
519 261 633 324 sunguine
643 260 733 318 dentes,
748 267 798 312 470

127 329 225 378 Ducunt
235 329 266 376 ed
277 342 363 388 neres3
379 323 515 390 gaienanue
522 339 651 392 ensemque
657 328 734 375 vocati

126 392 270 456 Adcipiunt:
287 392 388 456 psimem
399 391 493 438 Entello
504 398 645 455 taurumque
652 393 797 456 relinquunt.

127 456 175 506 Hie
185 458 268 513 vietor,
277 471 391 520 supernus
402 456 492 511 anisnis,
503 463 620 522 tnssroqne
626 459 756 521 superbus:

127 522 193 570 Nate
204 523 266 577 Des,
277 535 364 584 vosque
375 522 434 576 hoee,
444 520 528 584 inquit,
539 523 680 584 cognoscite,
690 521 785 577 Teucri,

128 587 161 635 Et
171 587 228 634 mihi
239 601 291 649 ques
303 585 391 632 fuerint
397 585 498 648 juvenili
509 586 535 632 in
546 600 643 648 corpore
652 589 722 644 vires,
750 587 800 636 4⁷5

129 651 162 700 Et
173 653 218 715 qui
229 650 327 698 servetis
336 659 471 697 revocatum
482 667 497 697 a
506 658 581 697 morte
592 651 688 699 Dareta.

129 717 207 770 Dixit,
217 723 241 762 et
252 713 344 762 adversi
353 723 436 762 uentre
447 717 510 763 stetit
520 729 561 761 ora
568 715 673 778 juvenci,

130 781 184 838 Qui
191 781 280 828 donum
287 779 395 827 adstabat
405 795 505 843 pugnae3
520 779 637 843 durosque
647 781 743 828 reducti
798 797 803 808 ·

130 845 239 892 Libravit
249 844 332 892 dextri
342 845 421 892 medin
431 845 493 894 inter
503 859 592 892 cornua
599 853 675 892 cestus

131 908 236 964 Arduus,
246 908 388 972 effractoque
397 909 471 958 inlisit
480 911 505 960 in
516 925 568 956 ossa
578 907 682 957 cerebro.
752 913 806 957 480-

132 974 256 1029 Stemitnr,
266 974 425 1038 exanimisque
430 981 532 1022 tremens
539 973 672 1037 procumbit
680 971 745 1020 huni
754 973 806 1020 bns,

132 1039 178 1087 Ille
190 1055 261 1103 super
270 1039 329 1086 tales
338 1040 441 1087 effundit
451 1047 546 1103 pectore
557 1053 638 1086 voees:

133 1104 203 1152 Hanc
213 1104 265 1158 tibi,
276 1103 351 1168 Eryx,
366 1103 484 1152 meliorem
499 1104 601 1152 sninsnm
616 1119 659 1168 pro
670 1110 744 1151 morte
756 1101 805 1150 Du·

229 1169 286 1216 retis

135 1232 258 1282 Persoivos
274 1231 314 1282 hie
324 1232 399 1282 victor
409 1240 485 1282 cestus
496 1240 616 1297 artemque
626 1247 724 1296 repono.

167 1297 285 1345 Proteum
292 1296 380 1345 AEnees
389 1298 460 1363 eeiefi
470 1306 561 1346 certare
572 1298 656 1362 sagitte
758 1297 806 1346 48⁵

136 1362 233 1418 Invitat,
244 1361 285 1426 qui
295 1362 356 1410 sorte
365 1363 447 1418 veiint,
457 1371 481 1410 et
491 1362 588 1426 premis
598 1362 679 1426 ponit;
745 1369 749 1376 '

135 1426 277 1492 Ingentique
288 1441 358 1474 snsnu
369 1428 455 1476 maium
466 1429 497 1475 de
507 1443 568 1475 nere
578 1427 664 1476 Seresti

136 1492 227 1556 Erigit3
242 1499 267 1540 et
278 1493 395 1540 volucrem
403 1493 503 1557 trejecto
511 1493 538 1540 in
549 1493 607 1540 fune
616 1491 756 1545 eoiumbnns,

137 1557 191 1615 Quu
202 1558 302 1607 tendent
311 1558 408 1614 ferrum,
418 1559 479 1606 maio
490 1557 612 1622 suspendit
622 1559 653 1605 ab
664 1559 719 1606 nito.

136 1622 275 1672 Convenere
285 1622 338 1678 viri,
349 1623 511 1688 dejectamque
522 1639 584 1671 terea
593 1631 678 1670 sortem
759 1623 807 1670 490

136 1685 239 1753 Adcepit
249 1687 318 1751 galee
324 1705 332 1748 ;
348 1695 372 1736 et
383 1687 472 1750 primus
481 1689 583 1736 clamose
594 1689 696 1736 secundo

137 1751 275 1816 Hyrtaeidse
287 1761 342 1800 ante
351 1767 432 1800 omnes
443 1753 492 1800 exit
503 1753 566 1798 loeus
578 1749 765 1814 Hippoefiuntiu

138 1816 385 1874 Quemsnodonsvnii
396 1817 536 1864 Mnestheus
547 1815 673 1862 certamine
684 1815 759 1860 victos·

138 1880 303 1944 Consequitur,
314 1880 384 1927 viridi
396 1881 536 1928 Mnestheus
546 1878 653 1926 evinctus
663 1877 729 1925 olins.

138 1946 231 1992 Tertius
242 1945 368 2008 Eurytion,
377 1953 440 2000 tuus,
451 1960 465 1990 ο
476 1943 608 1996 clarissime,
619 1943 699 1997 irater,
763 1943 810 1991 49⁵

139 2007 257 2062 Pandere,
266 2011 307 2072 qui
317 2009 443 2071 quondam,
451 2009 530 2072 jussus
540 2008 684 2055 confundere
695 2007 779 2062 fredus,

141 2073 172 2120 ln
183 2073 272 2120 medius
282 2072 355 2120 telum
365 2073 452 2120 torsisti
465 2072 552 2136 primus
562 2072 672 2120 Achivos.

142 2137 268 2187 Extremus
278 2136 444 2200 gaiesqueisnt
455 2137 554 2184 subsidit
563 2137 675 2198 Aeestes3

141 2202 221 2251 Ausus
230 2209 255 2250 et
265 2201 316 2264 ipse
327 2215 403 2248 mann·
406 2202 522 2265 juvenum
529 2209 623 2250 tentare
633 2203 743 2250 iaboresn.

141 2267 203 2316 Turn
213 2265 297 2314 vuidis
307 2267 380 2317 flexos
389 2266 514 2314 incurrent
523 2267 612 2314 viribus
622 2283 691 2314 arcus
765 2267 815 2314 500

142 2331 189 2380 Pro
200 2349 225 2380 se
237 2332 334 2396 quisque
344 2331 396 2386 siri,
406 2339 431 2380 et
441 2331 582 2396 depromunt
593 2333 641 2380 tela
651 2329 774 2394 pharetris.

142 2396 270 2461 Primusque
279 2412 322 2462 per
332 2397 417 2446 eoeiuru
427 2411 501 2445 nervo
511 2397 625 2445 stridente
636 2395 721 2456 sagitte

144 2461 281 2526 Hyrtacidae
289 2462 385 2527 juvenis
394 2461 501 2512 volueres
510 2461 644 2509 diverberat
655 2471 737 2518 auras;

144 2523 178 2572 Et
187 2527 260 2582 venit,
269 2527 407 2591 adverqu
417 2527 522 2590 infigitur
532 2525 616 2572 arbore
627 2520 703 2596 maii·

146 2588 272 2640 Intremuit
283 2593 366 2647 meins,
375 2593 500 2655 timisitque
510 2587 623 2637 exterrita
632 2599 717 2648 pennis
769 2587 818 2636 506

146 2652 212 2712 Ales,
222 2656 346 2721 stringenti
355 2663 486 2706 sonuerunt
492 2652 574 2709 omnis
584 2650 674 2716 plausu

774 2795 919 2886 A
