1898 2934
336 135 497 186 AENEIDOS
514 135 570 186 Lis.
582 135 619 186 11.
769 140 821 186 '117

141 259 294 310 Circumfusa
302 259 359 315 ruit,
368 265 507 320 certantque
517 257 710 322 inluderecepto.
787 263 820 309 64

138 324 237 387 ·Adeipe
248 339 312 372 nune
320 324 431 373 Deneflm
443 322 546 378 iusidias,
557 331 581 371 et
592 323 690 372 crimine
701 323 732 370 eb
744 337 792 370 uno

101 418 104 423 ·
140 389 217 438 Disce
227 404 315 436 omues.
452 406 453 410 ¹

137 454 261 518 -Namque,
272 461 299 500 ut
310 461 438 516 conspeetu
448 451 474 498 in
486 451 563 500 medio
574 453 689 508 turbatus,
700 449 803 507 inermis,

141 517 261 572 Constitit,
269 525 339 582 etque
345 518 418 566 oculis
427 516 533 580 Phrygia
540 518 633 579 agmins
640 517 806 582 circumspexit
811 535 819 579 ;

141 583 207 638 Heu,
217 599 271 648 qum
281 597 346 630 nuuc
357 583 433 636 tellus,
447 581 532 645 iuquit,
547 597 600 645 que
613 599 649 630 me
661 599 755 647 aequora
765 597 819 648 pos·

240 657 295 694 suut
787 653 819 698 69

139 709 278 774 A'dcipere?
294 717 336 759 eut
346 711 402 773 quid
407 711 459 776 jem
468 709 551 757 misero
557 708 613 756 mihi
622 710 724 775 denique
731 714 819 761 restet?

141 775 189 824 Cui
200 791 278 838 neque
289 777 353 839 apud
363 777 461 824 Danaus
469 789 566 840 usquam
573 773 651 835 lucus;
662 785 685 823 et
695 792 765 840 super
772 777 818 841 ipsi

140 839 288 890 Derduuidae
299 840 384 889 infensi
397 856 479 904 poeuas
490 855 544 888 cum
556 839 670 902 sanguine
682 851 789 903 poqeunt.

141 903 197 962 Quo
208 905 296 968 gemitu
306 907 413 954 conversi
423 905 503 960 enimi,
515 919 654 968 conpressus
663 915 688 952 et
698 907 774 952 omnis

139 969 249 1034 Inpetus.
278 971 407 1019 Hormmur
417 971 470 1026 seri,
481 985 527 1034 quo
539 985 580 1029 sun
597 969 653 1016 uine
664 968 757 1022 cretus,'

141 1034 237 1091 Quidve
248 1036 324 1096 feret5
341 1045 461 1090 memoret,
471 1051 525 1100 quse
536 1035 566 1082 sit
577 985 665 1082 lidum
675 1043 752 1097 cepto.
784 1037 817 1084 75

139 1099 200 1163 (ille
211 1100 270 1156 haee,
281 1100 389 1163 depositd
399 1101 496 1148 taudem
508 1097 640 1154 formidine,
652 1097 736 1159 futur.)

172 1163 267 1213 Cuncta
284 1164 394 1228 equidem
413 1164 463 1219 tibi,
478 1163 542 1218 Rex,
552 1164 630 1211 ruerit
644 1165 818 1228 quodcumque,
900 1192 902 1196 ν

237 1229 330 1276 fatebor

139 1293 213 1349 Vere,
224 1291 316 1356 inquit;
332 1306 409 1354 neque
420 1309 458 1340 me
466 1289 578 1356 Argolici
588 1291 619 1340 de
630 1299 701 1355 gente
712 1293 815 1356 negabo:

139 1357 194 1409 Huc
206 1357 324 1421 primum3
338 1371 391 1411 nee,
403 1356 423 1404 si
433 1357 545 1405 miserum
556 1355 661 1404 Fortuna
672 1357 785 1406 Sinonem

140 1421 228 1478 Finxit,
238 1437 327 1470 venum
338 1421 409 1470 etium
420 1422 605 1485 mendacemque
615 1421 716 1485 inprobe
727 1423 807 1486 finget.

139 1486 223 1535 Fando
233 1487 327 1552 aliquod
339 1487 358 1534 si
370 1487 431 1536 forte
441 1495 494 1536 tuas
504 1486 612 1552 pervenit
623 1489 654 1536 ed
665 1503 734 1536 aures
782 1493 814 1538 81

139 1551 231 1601 Belide
242 1567 328 1601 nomen
339 1551 481 1610 Palamedis,
491 1563 516 1602 et
526 1551 616 1601 inclute
627 1554 700 1601 suml-

140 1615 236 1665 Glorie:
252 1634 323 1682 quem
335 1618 392 1666 fulsi
403 1617 446 1665 sub
457 1618 592 1682 proditione
603 1617 697 1681 Pelasgi

138 1679 269 1738 lusoutem,
279 1683 379 1731 infando
389 1682 486 1738 iudicio,
496 1682 554 1746 quie
563 1683 626 1730 belle
635 1682 740 1738 vetabat,

139 1745 262 1795 Demisere
272 1747 339 1808 ueci;
355 1763 420 1796 nune
430 1762 522 1796 cussum
533 1746 621 1793 lumine
632 1746 727 1808 lugent3
766 1756 768 1762 ’
782 1749 814 1796 85

138 1809 179 1859 Illi
190 1827 228 1860 me
238 1813 354 1867 comitem,
364 1821 388 1860 et
398 1809 601 1873 consanguinitate
611 1810 778 1873 propinquum,

138 1874 235 1939 Pauper
245 1877 270 1924 iu
282 1893 347 1925 errue
357 1883 424 1940 puter
435 1875 517 1938 primis
527 1875 574 1920 huc
586 1873 648 1921 misit
659 1875 689 1921 ab
702 1873 777 1922 annis.

138 1940 205 1989 Dum
216 1942 293 1989 stebet
303 1955 376 2004 regno
386 1940 517 1994 incolumis,
530 1953 657 2004 regumque
668 1939 764 2002 vigebat

138 2004 259 2060 conciliis,
270 2014 294 2053 et
305 2021 347 2052 nos
358 2005 454 2070 aliquod
466 2017 598 2066 numenque
609 2004 727 2068 decusque

138 2067 266 2116 Gessimus
294 2068 390 2117 Invidii
400 2077 523 2132 postquem
534 2068 629 2131 pellacis
640 2069 704 2118 Ulixi
781 2071 813 2119 90

136 2133 225 2247 quud
236 2132 317 2196 ignote
327 2133 422 2197 loquor)
433 2133 522 2196 superis
532 2135 647 2182 concessit
652 2128 688 2182 'ab
698 2135 753 2191 uris,

161 2199 255 2246 dflietus
265 2197 338 2245 vitem
347 2199 372 2245 in
382 2198 487 2246 tenebris
496 2198 607 2262 luctuque
616 2199 747 2254 trahebam,

137 2263 171 2311 Et
180 2279 261 2312 cusum
271 2262 369 2316 insontis
379 2279 470 2311 mecum
480 2263 621 2326 indignabar
630 2264 706 2311 amici.

138 2327 191 2377 Nec
201 2329 265 2376 tacui
276 2329 387 2390 demens5
403 2338 427 2376 et
438 2343 484 2383 me,
495 2329 542 2376 fors
552 2327 572 2376 si
582 2343 629 2390 que
639 2328 735 2380 mlisset,

138 2391 163 2442 Si
174 2394 262 2457 patrius
274 2409 383 2458 umquem
394 2393 532 2442 remeiussem
539 2393 614 2441 victor
624 2393 655 2440 ud
663 2391 747 2452 Argos,
779 2391 811 2438 95

138 2456 237 2506 Promisi
248 2459 362 2519 ultorem;
378 2468 402 2506 et
413 2458 491 2506 verbis
501 2456 557 2504 odie
567 2470 650 2518 aspere
661 2455 730 2500 movi.

139 2521 202 2569 Hine
213 2523 270 2570 mihi
281 2523 357 2585 primu
367 2523 423 2570 muli
433 2522 513 2582 labes3
528 2519 584 2568 hine
594 2531 686 2578 semper
696 2517 778 2566 Ulixes

138 2584 281 2634 Criminibus
292 2595 379 2634 terrere
389 2587 457 2633 novis
463 2603 471 2645 ;
487 2585 543 2632 hine
554 2594 663 2652 spargere
672 2595 742 2628 voces

139 2647 170 2696 ln
180 2649 274 2712 volgum
285 2650 412 2713 ambiguus,
423 2657 448 2697 et
457 2661 563 2712 querere
572 2657 679 2694 conserus
689 2659 760 2698 erma
