1878 2930
122 111 153 156 16
306 102 488 158 BUCOLICA,
504 101 569 154 Eos.
579 104 611 154 V.
622 143 627 148 .

121 229 173 278 Nos
190 234 269 276 tamen
287 227 337 275 hec
355 243 502 292 quocumque
517 228 588 276 modo
603 225 647 276 tibi
660 234 745 277 ,nostra
761 228 796 274 ri·
805 233 811 270 “.

218 292 295 341 cissim
763 295 796 342 50
808 325 813 336 .

121 357 250 418 Dicemus;
265 356 427 420 Daphnimque
439 366 505 406 tuum
515 357 622 406 tollemus
632 358 663 404 ad
674 365 737 405 astra
743 375 751 419 ;

122 423 244 536 DaphnipJ
258 423 373 536 admostra
391 424 506 471 feremus:
528 423 615 472 amavit
636 438 679 470 nos
700 437 794 488 quoque

245 503 276 550 ap

122 681 162 730 An
172 680 301 745 quidquam
312 682 379 730 nohis
390 617 580 732 tzilliillriirnere
590 679 681 745 majus?
725 725 727 732 t

122 747 155 795 Et
165 761 225 810 puer
235 747 285 809 ipse
297 747 342 794 fuit
352 747 444 796 cantari
454 747 540 808 dignus
546 763 554 806 ;
569 754 594 792 et
604 746 648 794 ista

120 812 137 861 J
138 827 176 859 am
186 809 279 875 pridem
290 809 403 860 Stimicon
412 810 519 860 laudavit
528 809 632 858 carmina
641 809 716 859 nobis.
760 810 793 859 ⁵5

378 941 528 976 MBNALCAB·

121 1002 245 1054 Candidus
254 1005 372 1056 insuetum
382 1007 479 1055 miratur
488 1005 559 1054 limen
570 1005 678 1072 Olympi,

121 1069 170 1118 sub
181 1073 326 1138 pedibusque
336 1072 402 1120 videt
411 1073 486 1120 nubes
495 1079 520 1119 et
530 1071 607 1119 sidera
617 1069 734 1134 Daphnis.

121 1133 186 1199 Ergo
198 1137 285 1186 alacres
296 1138 365 1186 silvas
376 1145 400 1185 et
409 1145 488 1187 cetera
498 1151 555 1184 rura
563 1137 671 1198 voluptas
720 1161 730 1168 ··

121 1199 234 1265 Panaque
244 1211 395 1268 pastoresque
406 1210 471 1250 tenet
482 1201 638 1276 Dryadasque
649 1198 745 1264 puellas.

120 1265 175 1314 Nec
186 1267 256 1330 lupus
266 1269 362 1316 insidias
372 1269 460 1332 pecori,
470 1282 515 1315 nec
525 1274 585 1314 retra
594 1265 670 1314 cervis
757 1265 790 1311 60

119 1329 177 1379 Ulla
187 1332 268 1379 dolum
278 1333 434 1381 meditantur:
452 1339 515 1378 amat
525 1331 600 1378 bonus
611 1330 660 1378 otia
669 1326 789 1392 Daphnis.

119 1394 171 1458 Ipsi
182 1395 262 1443 latitia
271 1412 340 1443 voces
350 1398 381 1442 ad
393 1397 470 1442 sidera
476 1396 570 1457 jactant

11 1450 16 1462 '
32 1501 36 1508 .
119 1457 212 1506 Intonsi
222 1467 326 1519 montes;
342 1459 398 1522 ipsae
406 1460 457 1523 jam
467 1458 572 1506 earmina
580 1473 661 1522 rupes,

119 1523 177 1588 Ipsa
187 1534 271 1571 sonant
282 1525 389 1572 arbusta:
407 1524 482 1578 Deus,
493 1525 551 1572 deus
562 1523 610 1579 illa,
621 1521 746 1572 Menalca!
802 1532 804 1541 ·

119 1588 156 1636 Sis
167 1589 242 1636 bonus
252 1604 267 1635 ο
278 1588 381 1652 felixque
392 1589 451 1638 tuis!
468 1603 500 1636 en
510 1597 611 1652 quatuor
622 1603 687 1636 mass
756 1587 790 1635 ⁶5
805 1618 809 1626 ·

118 1652 183 1700 Ecce
193 1654 252 1700 duas
262 1653 313 1708 tibi,
324 1653 432 1717 Daphni,
442 1655 509 1708 duas,
520 1654 602 1702 altaria
612 1653 719 1710 thbo;

118 1716 209 1765 Pocula
219 1717 275 1766 bina
286 1733 347 1766 novo
357 1719 490 1782 spumantia
501 1719 561 1766 laete
570 1715 709 1792 quot-annis

118 1780 273 1847 craterasque
285 1782 332 1831 duo
343 1791 443 1832 statuam
453 1782 497 1830 tibi
507 1781 601 1846 pinguis
612 1781 675 1828 olivi.

117 1846 152 1894 Et
163 1847 235 1895 multo
245 1848 270 1894 in
282 1847 362 1911 primia
372 1848 475 1896 hilarans
484 1847 593 1895 convivia
601 1846 705 1898 Baccho,

117 1910 182 1960 Ante
192 1913 279 1968 focum,
290 1913 310 1958 ai
320 1913 394 1976 frigus
404 1913 456 1966 erit.
467 1911 486 1959 si
496 1911 583 1966 messis,
593 1911 618 1958 in
630 1909 722 1964 umbris,
755 1911 791 1956 to

116 1975 182 2024 Vina
192 1991 279 2026 novum
290 1977 388 2026 lundam
399 1976 497 2026 calathis
506 1975 602 2024 Ariusia
612 1981 700 2022 nectar.

116 2039 255 2089 cantabunt
265 2041 323 2089 mihi
333 2041 454 2090 Damoetas
463 2047 488 2088 et
499 2040 597 2104 Lyctius
608 2039 701 2102 AEgon3

116 2104 233 2154 Saltantes
244 2106 340 2169 Satyros
348 2105 478 2154 imitabitur
486 2105 659 2168 Alphesihoeus.

117 2169 178 2218 Ham
188 2170 232 2217 tihi
242 2185 334 2234 semper
343 2179 421 2226 erunt,
431 2178 456 2218 et
466 2184 538 2232 quom
548 2168 661 2218 solemnia
669 2172 725 2213 vota

116 2234 256 2283 Reddemns
264 2235 391 2300 Nymphis,
397 2243 499 2298 etquum
507 2233 655 2281 lustrabimus
663 2245 737 2294 agros.
755 2234 790 2281 75

116 2299 183 2348 Dum
190 2299 251 2364 juga
261 2300 345 2347 montis
356 2315 420 2362 aper,
431 2297 582 2346 fluviosdum
593 2294 770 2362 piscis-amabit,

117 2363 229 2429 Dumque
240 2365 323 2429 thymo
333 2369 458 2427 pascentur
469 2377 533 2425 apes,
543 2364 600 2410 dum
610 2377 663 2410 rore
673 2359 773 2416 cicada,

116 2427 215 2494 Semper
222 2432 296 2477 honos
304 2442 436 2490 nomenque
443 2433 510 2474 tuum
517 2428 644 2490 laudesque
651 2425 789 2474 manebunt.
807 2449 810 2457 =

117 2493 152 2542 Ut
163 2495 257 2542 Baccho
268 2493 404 2556 Cererique,
414 2491 457 2538 tibi
469 2491 502 2538 sic
512 2501 568 2540 vota
579 2488 713 2555 quot-annis

118 2556 235 2622 Agricola
246 2559 347 2619 facient3
364 2555 487 2605 damnabis
498 2564 524 2605 tu
535 2571 629 2623 quoque
638 2553 706 2604 votis.
757 2558 793 2604 80
