1898 2934
144 125 191 170 112
345 115 506 169 AENEIDOS
522 122 579 171 Lrs.
591 121 612 171 1.

143 242 280 296 Bscnatum‚
289 249 314 289 at
323 241 442 304 duplicem
453 243 549 305 gemmis
559 260 663 309 auroque
673 251 791 297 colonam.

143 305 203 354 Hac
213 307 325 360 celerans,
335 305 380 353 iter
390 307 422 354 ad
432 321 504 354 naves
515 310 628 357 tendebat
637 309 747 360 Achates.

174 371 209 418 At
219 371 339 435 Cytherea
349 384 421 418 novas
431 381 499 428 artos,
509 387 572 420 nove
583 381 677 438 pectore
687 384 765 425 versat

142 435 247 484 Consilia
253 452 261 495 ς
277 444 303 482 ut
314 434 398 483 sociem
408 443 511 484 mutatus
521 446 547 485 et
557 453 598 486 ora
609 438 704 502 Cupido

142 500 190 547 Pro
201 499 265 548 dulci
274 498 378 548 Ascanio
388 499 476 556 veniat,
486 501 600 566 donisque
610 504 727 553 furentem
763 509 812 556 6³9

142 563 259 612 Inoendst
269 563 382 627 reginam,
393 573 463 628 atque
474 566 563 614 ossibus
574 567 671 632 inplicet
681 568 767 632 ignem.

141 628 237 693 Quippe
254 630 350 676 domum
367 630 434 679 timet
449 630 581 694 ambiguam
596 633 725 698 Tyriosque
742 633 811 682 bilin·

141 757 196 807 Urit
205 709 271 807 soll
281 759 353 814 Juno,
364 767 389 806 et
399 757 442 806 sub
453 767 547 808 noctem
557 777 614 810 cura
624 771 736 813 recursat.

141 821 205 886 Ergo
216 823 253 871 bis
263 823 376 886 aligerum
385 823 456 871 dictis
465 824 560 872 adfatur
570 827 695 875 Amorem:

140 887 213 944 Nate,
223 903 281 938 mero
291 889 361 943 vires,
371 903 424 934 mes
433 903 519 950 magna
529 891 642 952 potentia,
653 893 723 948 solus,

141 951 213 1008 Nata,
224 953 297 1017 pstris
307 951 390 1000 summi
401 951 442 1014 qui
451 953 499 1000 tela
508 953 620 1018 Typhoia
630 957 729 1019 temnis3
761 957 811 1006 66⁵

139 1016 180 1065 Ad
192 1027 216 1067 te
226 1017 345 1081 confugio,
354 1024 380 1065 et
390 1015 489 1080 supplex
498 1025 541 1066 tua
551 1020 648 1068 numina
658 1037 735 1085 poseo.

138 1081 222 1132 Frater
233 1092 258 1132 ut
268 1083 355 1132 AEueas
363 1081 447 1145 pelago
457 1089 511 1130 tuns
520 1085 601 1134 omnia
609 1085 697 1136 mum

139 1146 221 1195 Litora
227 1148 338 1223 jactetur,
349 1145 409 1194 odiis
418 1148 434 1197 J
436 1148 519 1196 unonis
529 1148 623 1216 inique,

139 1211 206 1260 Nota
216 1213 273 1274 tabi3
288 1218 313 1260 et
322 1220 402 1259 nostro
411 1212 506 1261 doluisti
516 1230 578 1279 sepe
589 1216 676 1266 dolore.

126 1281 129 1289 '
139 1276 212 1325 Hunc
223 1277 345 1326 Phoenissa
354 1283 420 1325 tenet
430 1277 504 1333 Dido,
515 1279 653 1346 blandisque
663 1288 767 1331 moratur

138 1341 245 1391 Vocibus
251 1360 259 1402 3
274 1350 299 1390 et
309 1355 398 1396 vercor,
409 1357 456 1406 quo
466 1358 492 1391 se
502 1345 518 1393 J
520 1345 607 1393 unonia
617 1353 711 1396 vertant
760 1349 807 1396 671

139 1406 262 1470 Hospitio:
278 1405 343 1453 baud
354 1412 420 1452 tanto
430 1406 529 1455 cessabit
538 1410 636 1460 cardine
646 1425 731 1458 rerum.

139 1471 257 1526 Quocirca
266 1483 351 1532 capere
362 1477 417 1516 ante
428 1470 488 1516 dolis
497 1477 522 1518 et
530 1473 625 1536 cingere
635 1474 728 1522 flammo

139 1533 257 1596 Reginam
268 1531 381 1590 meditem
397 1545 485 1595 nequo
495 1549 520 1581 se
531 1536 627 1584 numine
637 1544 720 1593 mutet,

139 1595 185 1645 Sed
198 1593 374 1660 magnoAEneae
385 1610 477 1644 mecum
486 1604 595 1646 teneatur
604 1615 690 1649 amore.
758 1603 808 1650 675
865 1618 868 1624 ·

138 1662 194 1719 Quis
204 1660 281 1710 facere
290 1659 316 1707 id
327 1659 406 1722 possis.
414 1667 518 1709 nosnam
525 1677 589 1711 nnnc
597 1665 681 1730 adcipe
689 1672 806 1716 mentemz

137 1725 229 1790 Regius
239 1724 319 1774 adcitu
329 1722 378 1772 cori
387 1725 498 1788 genitoris
508 1728 539 1774 sd
549 1729 631 1777 urbem

138 1792 258 1841 Sidoniam
269 1805 329 1856 puer
339 1789 373 1837 ire
384 1799 459 1852 parat,
473 1807 525 1839 mes
535 1792 636 1841 maxima
645 1810 711 1850 cura,

139 1857 211 1905 Dono
220 1858 305 1911 ferens,
315 1855 399 1918 pelago
409 1864 434 1904 et
443 1856 542 1904 flammis
551 1858 663 1907 restantia
671 1859 748 1924 'l'rojae
757 1877 763 1905 ι

138 1922 211 1970 Hunc
222 1937 266 1984 ego
276 1920 377 1984 sopitum
387 1935 474 1976 somno,
485 1937 555 1986 super
565 1923 613 1971 alta
622 1923 736 1989 Cythera,
757 1927 807 1974 680

137 1986 188 2034 Aut
198 2001 269 2048 super
279 1983 391 2040 Iunium,
404 1987 495 2034 sacratb
505 1987 560 2035 sede
569 1991 711 2051 recondam

138 2051 178 2098 Ne
188 2066 235 2115 qua
245 2049 304 2097 scire
315 2048 389 2105 dolos,
399 2052 519 2100 mediusve
530 2067 653 2102 occurrere
663 2055 742 2120 possit.

136 2114 174 2162 Tu
185 2115 269 2162 l‘aeiem
278 2113 341 2160 illius
350 2122 443 2163 noctem
454 2131 503 2165 non
513 2117 611 2181 amplius
623 2135 694 2168 unam

138 2179 202 2228 Falle
213 2179 276 2233 dolo,
286 2188 310 2226 et
321 2187 388 2226 notos
398 2180 466 2242 pueri
477 2196 535 2246 puer
545 2181 618 2232 indue
629 2185 707 2232 vultus
713 2202 721 2245 ;

136 2246 179 2300 Ut,
190 2259 262 2307 quum
273 2253 296 2290 te
307 2242 395 2305 grenio
405 2246 508 2310 adciplet
518 2247 634 2296 latissima
645 2249 718 2303 Dido,
758 2249 806 2296 685

136 2309 239 2373 Regulos
250 2309 312 2355 inter
323 2323 414 2355 mensas
423 2309 561 2374 laticemque
571 2312 678 2376 Lyaeum,

136 2375 216 2432 Quum
227 2373 294 2421 dabit
303 2372 425 2435 amplexus
434 2382 504 2439 etque
514 2376 594 2423 oscula
604 2377 683 2425 dulcia
694 2377 758 2440 liget,

138 2439 265 2488 Occultum
274 2437 373 2500 inspires
382 2437 468 2500 ignem,
479 2439 591 2502 fallasque
601 2455 700 2490 veneno.

137 2502 210 2552 Paret
219 2501 294 2553 Amor
304 2501 373 2549 dictis
382 2517 442 2550 caras
453 2503 584 2566 genetricis,
595 2511 620 2552 et
629 2506 678 2554 alas

139 2566 220 2621 Exuit,
230 2574 255 2614 et
264 2581 344 2630 gressu
354 2567 458 2630 gaudens
467 2568 555 2616 incedit
565 2569 620 2616 Iuli.
758 2574 807 2620 690
831 2533 836 2546 Ι

138 2629 173 2680 At
182 2631 265 2682 Venus
274 2629 377 2688 Manio
387 2630 504 2701 placidum
515 2647 558 2698 per
569 2634 673 2684 membra
680 2634 783 2700 quietern

929 174 934 246 l
