1888 2924
320 117 480 175 AEtlulnos
496 122 552 172 Lis.
563 122 610 175 v1.
763 131 811 180 909
845 133 848 144 ’

137 237 260 306 Precipue
271 242 324 308 pius
333 243 426 294 AEneus
454 244 514 292 Tum
521 245 588 308 jussu
598 244 702 310 sibyla,
761 253 808 302 176

138 305 211 354 Haud
222 323 295 363 mors,
306 309 417 356 festinent
427 309 518 363 flentes,
529 325 639 373 numque
649 312 750 375 sepulcri

139 369 271 435 congerere
282 374 412 428 arboribus,
421 373 526 437 coeloqoe
534 375 635 424 educere
646 384 743 426 cenent.

139 433 191 484 ltnr
202 438 227 485 in
238 438 358 502 antiquum
370 439 458 492 silvsm,
469 438 561 486 stabula
571 439 618 488 eltu
628 441 744 490 ferarum:

139 498 299 553 Procumbunt
310 504 398 565 piueae3
414 509 482 550 sonet
492 503 540 550 icts
550 505 669 554 securibus
678 506 724 554 ilex
733 525 740 568 ;
761 510 809 556 180

138 563 306 631 Fraxineaeque
317 567 393 614 trebes
404 567 483 614 cuneis
493 575 517 614 et
528 567 596 616 fissile
606 570 677 620 robur

138 627 272 691 Scinditur;
288 631 416 690 sdvolyunt
425 631 533 694 ingentes
543 633 659 688 montibus
668 651 744 684 ornos.

139 693 241 743 Necnon
252 695 339 744 AEnens
348 712 421 761 opere
430 696 492 746 iuter
502 696 558 744 telis
569 696 656 759 primus

140 757 256 807 Hortatur
266 760 347 817 socios,
358 762 499 826 paribusque
509 760 642 824 adtingitur
653 763 721 810 armis
727 782 735 825 ;

138 821 220 886 Atque
232 825 343 889 haec'ipse
353 842 395 876 suo
405 826 466 874 tristi
477 841 530 876 cum
541 827 613 874 corde
623 827 720 882 volutet,
762 832 810 879 105

141 885 288 951 Adspeotsns
298 891 379 939 silvam
389 891 526 946 inmensam,
536 890 603 940 etsie
614 907 671 940 voce
683 899 803 954 preceturr

141 949 166 998 Si
177 968 241 1003 nunc
252 971 276 1003 se
287 956 354 1005 nobis
363 955 403 1006 ille
414 971 497 1006 eureus
508 956 591 1004 arbore
602 970 680 1004 remos

141 1016 258 1068 Ostendat
267 1035 362 1070 nemore
373 1021 398 1076 iu
409 1020 487 1070 teuto!
503 1021 598 1085 qusntlo
609 1022 688 1070 omnia
697 1035 753 1070 vere

141 1081 197 1130 Heu
208 1085 307 1142 nimium
317 1087 348 1134 de
358 1094 382 1134 te
392 1095 466 1141 retes.
476 1086 578 1141 Missus,
589 1085 667 1134 locutu
677 1093 720 1135 est.

141 1145 191 1194 Vix
201 1163 231 1194 eu
241 1151 303 1197 istus
313 1158 371 1205 erut,
381 1151 480 1214 gemine
488 1166 559 1214 quum
571 1151 632 1198 forte
642 1152 755 1202 columbus

110 1209 113 1219 ⁴
141 1209 156 1257 I
210 1212 253 1259 sub
263 1213 359 1268 ors,viri
368 1215 427 1264 emlu
436 1230 523 1263 venere
533 1215 645 1270 volantes,
705 1267 709 1277 f
766 1218 812 1266 191

165 1282 176 1323 t
186 1276 256 1323 viridi
266 1279 347 1328 sedere
357 1278 412 1328 solo.
439 1280 500 1328 Tum
511 1295 633 1328 maxumus
643 1281 712 1328 heros

142 1337 267 1390 Maternus
277 1343 398 1406 odgrrooeit
409 1358 471 1400 sves,
482 1343 593 1407 letusque
605 1354 727 1406 precatur:

144 1403 201 1454 Este
211 1407 291 1462 duces,
303 1423 325 1462 o,
337 1406 356 1456 si
367 1423 414 1471 qus
423 1408 462 1456 vis
472 1416 515 1463 est,
525 1423 665 1472 cursumque
676 1425 719 1472 per
729 1423 797 1458 surus

144 1469 246 1535 Dirigitc
257 1472 282 1520 iu
293 1473 365 1529 lucos,
374 1473 414 1522 nbi
425 1473 536 1537 pinguem
547 1473 614 1525 diver
623 1482 708 1538 opacat
766 1475 814 1525 195

144 1533 234 1584 Remus
245 1539 349 1588 humum.
376 1538 466 1602 Tuque,
477 1555 499 1594 ο,
511 1539 589 1588 dubiis
598 1555 629 1590 ne
639 1539 715 1589 defice
725 1540 804 1596 rebus,

143 1599 208 1650 Divs
218 1619 309 1666 parens.
337 1603 376 1652 sic
387 1605 472 1652 effetus
481 1604 579 1667 vestigia
589 1605 687 1668 pressit3

145 1665 279 1722 Observsns
305 1684 341 1716 ure
352 1669 420 1732 signs
430 1671 514 1724 lerant,
525 1684 572 1733 quo
583 1670 680 1718 tendere
692 1675 798 1732 pergunt.

145 1729 270 1782 Pascentes
280 1684 328 1782 illes
337 1741 429 1782 tuntum
440 1735 533 1796 prodire
544 1733 654 1788 volando,
766 1736 814 1782 199

146 1794 265 1852 Quantum
276 1798 327 1848 acis
337 1807 432 1860 possent
441 1799 503 1848 oculi
513 1811 605 1844 servare
616 1803 761 1859 sequentum.

146 1857 215 1916 lude,
227 1862 268 1914 nbi
278 1877 363 1916 venere
374 1863 405 1910 etl
416 1863 496 1912 lances
506 1859 660 1923 graveolentis
670 1860 768 1915 Averni,

145 1923 241 1973 Tollnnt
251 1941 275 1977 se
286 1927 388 1986 celeres5
402 1925 562 1989 liquidumque
573 1939 615 1987 per
625 1925 682 1976 seru
691 1925 762 1987 lapsis

147 1986 246 2036 Sedibus
256 1991 342 2052 optatis
351 1989 450 2053 nmine
461 2003 531 2052 snper
541 1987 624 2037 arbore
634 1989 728 2051 siduut;

147 2051 256 2102 Discolor
266 2057 329 2106 unde
339 2054 391 2102 suri
401 2069 443 2117 per
453 2069 529 2102 remos
540 2067 597 2100 curs
606 2054 703 2102 refulsit.

148 2117 224 2176 Quale
234 2118 292 2166 solet
302 2119 365 2168 silvis
375 2118 473 2166 brunuli
484 2118 569 2180 frigore
579 2117 667 2168 uocum
767 2121 815 2170 905

146 2181 241 2232 Fronde
251 2183 327 2233 virere
337 2182 406 2238 novi,
415 2184 478 2246 quod
489 2197 537 2230 nun
548 2198 591 2232 sus
599 2184 698 2234 seminat
709 2184 784 2240 arbos,

148 2247 181 2298 Et
191 2263 275 2298 croceo
286 2249 336 2296 fetu
348 2256 432 2298 teretes
442 2247 587 2301 &mundare
598 2257 705 2298 truncos:

148 2313 211 2363 Telis
220 2323 271 2363 erat
281 2313 371 2377 species
380 2313 431 2368 suri
441 2313 572 2362 frondentis
582 2313 655 2377 opaci

148 2377 222 2441 Ilice3
238 2380 271 2428 sic
282 2379 330 2430 leui
339 2378 469 2442 crepinbst
479 2379 575 2428 breem
584 2384 662 2426 vento.
727 2437 734 2448 θ

150 2441 490 2508 consumpsissemus,
500 2438 746 2506 aridusqueresiingrt
769 2441 818 2490 910

150 2507 315 2566 Cunctantem,
325 2518 349 2558 et
359 2509 419 2560 vetis
430 2506 561 2574 portstsub
572 2513 635 2554 tectu
645 2503 670 2551 Si
704 2503 760 2578 llis..

183 2575 236 2624 Nec
246 2575 323 2626 minus
332 2576 422 2626 intem
432 2574 553 2624 Misenum
563 2569 588 2618 in
598 2569 666 2616 litore
697 2581 767 2620 cocu,

151 2634 258 2698 Flebant,
267 2650 291 2692 st
302 2639 376 2695 unsri
385 2641 478 2704 ingrato
488 2649 598 2698 supremo
608 2633 722 2682 serebant·
