<?xml version="1.0" encoding="UTF-8"?>
<!DOCTYPE html PUBLIC "-//W3C//DTD XHTML 1.0 Transitional//EN"
    "http://www.w3.org/TR/xhtml1/DTD/xhtml1-transitional.dtd">
<html xmlns="http://www.w3.org/1999/xhtml" xml:lang="en" lang="en">
 <head>
  <title>
</title>
<meta http-equiv="Content-Type" content="text/html;charset=utf-8" />
  <meta name='ocr-system' content='tesseract 3.04.00' />
  <meta name='ocr-capabilities' content='ocr_page ocr_carea ocr_par ocr_line ocrx_word'/>
</head>
<body>
  <div class='ocr_page' id='page_1' title='image "./opera00heyngoog/opera00heyngoog_0225.png"; bbox 0 0 1888 2924; ppageno 0'>
   <div class='ocr_carea' id='block_1_1' title="bbox 136 102 626 170">
    <p class='ocr_par' dir='ltr' id='par_1_1' title="bbox 136 102 626 170">
     <span class='ocr_line' id='line_1_1' title="bbox 136 102 626 170; baseline -0.031 -6"><span class='ocrx_word' id='word_1_1' title='bbox 136 126 193 170; x_wconf 68' lang='lat'>,214</span> <span class='ocrx_word' id='word_1_2' title='bbox 332 103 493 155; x_wconf 78' lang='lat' dir='ltr'>AENEIDOS</span> <span class='ocrx_word' id='word_1_3' title='bbox 509 102 567 152; x_wconf 74' lang='lat' dir='ltr'>Lus.</span> <span class='ocrx_word' id='word_1_4' title='bbox 577 102 626 154; x_wconf 71' lang='lat' dir='ltr'>VI,</span> 
     </span>
    </p>
   </div>
   <div class='ocr_carea' id='block_1_2' title="bbox 147 222 820 368">
    <p class='ocr_par' dir='ltr' id='par_1_2' title="bbox 147 222 820 368">
     <span class='ocr_line' id='line_1_2' title="bbox 147 222 820 299; baseline -0.034 -11"><span class='ocrx_word' id='word_1_5' title='bbox 147 241 256 288; x_wconf 76' lang='lat' dir='ltr'>insontes</span> <span class='ocrx_word' id='word_1_6' title='bbox 266 243 379 299; x_wconf 78' lang='lat' dir='ltr'>peperere</span> <span class='ocrx_word' id='word_1_7' title='bbox 390 243 470 284; x_wconf 83' lang='lat' dir='ltr'>msuu,</span> <span class='ocrx_word' id='word_1_8' title='bbox 480 228 602 290; x_wconf 87' lang='lat' dir='ltr'>lucemque</span> <span class='ocrx_word' id='word_1_9' title='bbox 613 222 689 287; x_wconf 88' lang='lat' dir='ltr'>perosi</span> <span class='ocrx_word' id='word_1_10' title='bbox 770 225 820 272; x_wconf 75' lang='grc'>435</span> 
     </span>
     <span class='ocr_line' id='line_1_3' title="bbox 147 288 774 368; baseline -0.029 -14"><span class='ocrx_word' id='word_1_11' title='bbox 147 304 272 368; x_wconf 86' lang='lat' dir='ltr'>Projecere</span> <span class='ocrx_word' id='word_1_12' title='bbox 282 296 379 347; x_wconf 67' lang='lat' dir='ltr'>animm.</span> <span class='ocrx_word' id='word_1_13' title='bbox 406 294 484 350; x_wconf 78' lang='lat' dir='ltr'>Quem</span> <span class='ocrx_word' id='word_1_14' title='bbox 493 289 677 338; x_wconf 77' lang='lat' dir='ltr'>vellensatuere</span> <span class='ocrx_word' id='word_1_15' title='bbox 688 288 713 336; x_wconf 92' lang='lat' dir='ltr'>in</span> <span class='ocrx_word' id='word_1_16' title='bbox 724 288 774 336; x_wconf 84' lang='lat' dir='ltr'>alte</span> 
     </span>
    </p>
   </div>
   <div class='ocr_carea' id='block_1_3' title="bbox 100 353 824 690">
    <p class='ocr_par' dir='ltr' id='par_1_3' title="bbox 100 353 748 428">
     <span class='ocr_line' id='line_1_4' title="bbox 100 353 748 428; baseline -0.031 -8"><span class='ocrx_word' id='word_1_17' title='bbox 100 401 103 407; x_wconf 90' lang='lat'><em>·</em></span> <span class='ocrx_word' id='word_1_18' title='bbox 150 371 222 418; x_wconf 90' lang='lat' dir='ltr'>Nunc</span> <span class='ocrx_word' id='word_1_19' title='bbox 233 374 258 414; x_wconf 89' lang='lat' dir='ltr'>et</span> <span class='ocrx_word' id='word_1_20' title='bbox 268 359 404 428; x_wconf 81' lang='lat' dir='ltr'>pauperiem</span> <span class='ocrx_word' id='word_1_21' title='bbox 415 365 440 406; x_wconf 87' lang='lat' dir='ltr'>et</span> <span class='ocrx_word' id='word_1_22' title='bbox 450 359 520 406; x_wconf 88' lang='lat' dir='ltr'>duros</span> <span class='ocrx_word' id='word_1_23' title='bbox 530 355 634 418; x_wconf 85' lang='lat' dir='ltr'>perferre</span> <span class='ocrx_word' id='word_1_24' title='bbox 644 353 748 402; x_wconf 87' lang='lat' dir='ltr'>laboresl</span> 
     </span>
    </p>

    <p class='ocr_par' dir='ltr' id='par_1_4' title="bbox 150 417 697 487">
     <span class='ocr_line' id='line_1_5' title="bbox 150 417 697 487; baseline -0.038 -3"><span class='ocrx_word' id='word_1_25' title='bbox 150 435 195 484; x_wconf 81' lang='lat' dir='ltr'>Fas</span> <span class='ocrx_word' id='word_1_26' title='bbox 206 433 290 483; x_wconf 85' lang='lat' dir='ltr'>obstat,</span> <span class='ocrx_word' id='word_1_27' title='bbox 300 424 406 487; x_wconf 86' lang='lat' dir='ltr'>tristique</span> <span class='ocrx_word' id='word_1_28' title='bbox 416 423 483 486; x_wconf 83' lang='lat' dir='ltr'>pulus</span> <span class='ocrx_word' id='word_1_29' title='bbox 493 419 622 468; x_wconf 75' lang='lat' dir='ltr'>inamabilis</span> <span class='ocrx_word' id='word_1_30' title='bbox 635 417 697 464; x_wconf 77' lang='lat' dir='ltr'>undl</span> 
     </span>
    </p>

    <p class='ocr_par' dir='ltr' id='par_1_5' title="bbox 149 484 681 560">
     <span class='ocr_line' id='line_1_6' title="bbox 149 484 681 560; baseline -0.032 -14"><span class='ocrx_word' id='word_1_31' title='bbox 149 498 254 560; x_wconf 78' lang='lat' dir='ltr'>Adligat,</span> <span class='ocrx_word' id='word_1_32' title='bbox 265 502 290 545; x_wconf 88' lang='lat' dir='ltr'>et</span> <span class='ocrx_word' id='word_1_33' title='bbox 299 489 380 542; x_wconf 84' lang='lat' dir='ltr'>novies</span> <span class='ocrx_word' id='word_1_34' title='bbox 390 488 449 552; x_wconf 80' lang='lat' dir='ltr'>Styx</span> <span class='ocrx_word' id='word_1_35' title='bbox 460 485 574 535; x_wconf 80' lang='lat' dir='ltr'>interfusa</span> <span class='ocrx_word' id='word_1_36' title='bbox 582 484 681 532; x_wconf 63' lang='lat' dir='ltr'>cudrcet.</span> 
     </span>
    </p>

    <p class='ocr_par' dir='ltr' id='par_1_6' title="bbox 152 547 824 690">
     <span class='ocr_line' id='line_1_7' title="bbox 152 547 824 624; baseline -0.028 -12"><span class='ocrx_word' id='word_1_37' title='bbox 152 565 206 612; x_wconf 87' lang='lat' dir='ltr'>Nec</span> <span class='ocrx_word' id='word_1_38' title='bbox 217 557 297 624; x_wconf 88' lang='lat' dir='ltr'>procul</span> <span class='ocrx_word' id='word_1_39' title='bbox 308 557 364 604; x_wconf 88' lang='lat' dir='ltr'>hinc</span> <span class='ocrx_word' id='word_1_40' title='bbox 375 563 466 617; x_wconf 83' lang='lat' dir='ltr'>partem</span> <span class='ocrx_word' id='word_1_41' title='bbox 476 550 522 600; x_wconf 83' lang='lat' dir='ltr'>susi</span> <span class='ocrx_word' id='word_1_42' title='bbox 531 555 689 598; x_wconf 81' lang='lat' dir='ltr'>monstrentur</span> <span class='ocrx_word' id='word_1_43' title='bbox 696 547 722 596; x_wconf 85' lang='lat' dir='ltr'>in</span> <span class='ocrx_word' id='word_1_44' title='bbox 729 561 824 595; x_wconf 83' lang='lat' dir='ltr'>omnem</span> 
     </span>
     <span class='ocr_line' id='line_1_8' title="bbox 152 613 824 690; baseline -0.034 -14"><span class='ocrx_word' id='word_1_45' title='bbox 152 629 272 690; x_wconf 81' lang='lat' dir='ltr'>Lugentes</span> <span class='ocrx_word' id='word_1_46' title='bbox 283 619 372 685; x_wconf 85' lang='lat' dir='ltr'>campi:</span> <span class='ocrx_word' id='word_1_47' title='bbox 390 617 422 666; x_wconf 90' lang='lat' dir='ltr'>sic</span> <span class='ocrx_word' id='word_1_48' title='bbox 433 617 484 664; x_wconf 90' lang='lat' dir='ltr'>illos</span> <span class='ocrx_word' id='word_1_49' title='bbox 495 615 589 664; x_wconf 85' lang='lat' dir='ltr'>nomine</span> <span class='ocrx_word' id='word_1_50' title='bbox 599 613 688 662; x_wconf 90' lang='lat' dir='ltr'>dicunt.</span> <span class='ocrx_word' id='word_1_51' title='bbox 773 617 824 661; x_wconf 85' lang='lat'>441</span> 
     </span>
    </p>
   </div>
   <div class='ocr_carea' id='block_1_4' title="bbox 152 677 709 808">
    <p class='ocr_par' dir='ltr' id='par_1_7' title="bbox 152 677 709 808">
     <span class='ocr_line' id='line_1_9' title="bbox 152 677 709 753; baseline -0.029 -13"><span class='ocrx_word' id='word_1_52' title='bbox 152 691 209 747; x_wconf 79' lang='lat' dir='ltr'>Hic,</span> <span class='ocrx_word' id='word_1_53' title='bbox 218 703 277 753; x_wconf 89' lang='lat' dir='ltr'>quos</span> <span class='ocrx_word' id='word_1_54' title='bbox 287 688 360 736; x_wconf 88' lang='lat' dir='ltr'>durus</span> <span class='ocrx_word' id='word_1_55' title='bbox 370 697 434 732; x_wconf 82' lang='lat' dir='ltr'>amor</span> <span class='ocrx_word' id='word_1_56' title='bbox 444 679 535 730; x_wconf 87' lang='lat' dir='ltr'>crudeli</span> <span class='ocrx_word' id='word_1_57' title='bbox 542 681 598 728; x_wconf 86' lang='lat' dir='ltr'>tabe</span> <span class='ocrx_word' id='word_1_58' title='bbox 608 677 709 741; x_wconf 83' lang='lat' dir='ltr'>peredit,</span> 
     </span>
     <span class='ocr_line' id='line_1_10' title="bbox 153 745 650 808; baseline -0.036 0"><span class='ocrx_word' id='word_1_59' title='bbox 153 756 242 808; x_wconf 79' lang='lat' dir='ltr'>secreti</span> <span class='ocrx_word' id='word_1_60' title='bbox 253 754 330 802; x_wconf 81' lang='lat' dir='ltr'>celant</span> <span class='ocrx_word' id='word_1_61' title='bbox 339 749 417 803; x_wconf 83' lang='lat' dir='ltr'>calles,</span> <span class='ocrx_word' id='word_1_62' title='bbox 428 755 452 794; x_wconf 91' lang='lat' dir='ltr'>et</span> <span class='ocrx_word' id='word_1_63' title='bbox 462 751 553 806; x_wconf 79' lang='lat' dir='ltr'>myrtea</span> <span class='ocrx_word' id='word_1_64' title='bbox 563 745 650 792; x_wconf 72' lang='lat' dir='ltr'>cneum</span> 
     </span>
    </p>
   </div>
   <div class='ocr_carea' id='block_1_5' title="bbox 153 808 929 883">
    <p class='ocr_par' dir='ltr' id='par_1_8' title="bbox 153 808 929 883">
     <span class='ocr_line' id='line_1_11' title="bbox 153 808 929 883; baseline -0.032 -11"><span class='ocrx_word' id='word_1_65' title='bbox 153 823 218 872; x_wconf 86' lang='lat' dir='ltr'>Silva</span> <span class='ocrx_word' id='word_1_66' title='bbox 228 820 286 883; x_wconf 82' lang='lat' dir='ltr'>tegit</span> <span class='ocrx_word' id='word_1_67' title='bbox 293 837 300 879; x_wconf 68' lang='grc' dir='ltr'><strong><em>ς</em></strong></span> <span class='ocrx_word' id='word_1_68' title='bbox 315 831 377 866; x_wconf 76' lang='lat' dir='ltr'>cure</span> <span class='ocrx_word' id='word_1_69' title='bbox 388 827 435 862; x_wconf 87' lang='lat' dir='ltr'>non</span> <span class='ocrx_word' id='word_1_70' title='bbox 446 809 618 874; x_wconf 83' lang='lat' dir='ltr'>ipslinmorte</span> <span class='ocrx_word' id='word_1_71' title='bbox 627 808 770 870; x_wconf 81' lang='lat' dir='ltr'>relinquunt.</span> <span class='ocrx_word' id='word_1_72' title='bbox 823 811 827 813; x_wconf 84' lang='grc'><em>“</em></span> <span class='ocrx_word' id='word_1_73' title='bbox 926 818 929 839; x_wconf 81' lang='grc' dir='ltr'>ι</span> 
     </span>
    </p>
   </div>
   <div class='ocr_carea' id='block_1_6' title="bbox 154 869 827 940">
    <p class='ocr_par' dir='ltr' id='par_1_9' title="bbox 154 869 827 940">
     <span class='ocr_line' id='line_1_12' title="bbox 154 869 827 940; baseline -0.04 -1"><span class='ocrx_word' id='word_1_74' title='bbox 154 887 200 940; x_wconf 88' lang='lat' dir='ltr'>His</span> <span class='ocrx_word' id='word_1_75' title='bbox 218 885 344 936; x_wconf 75' lang='lat' dir='ltr'>Phedrsm</span> <span class='ocrx_word' id='word_1_76' title='bbox 361 877 505 939; x_wconf 85' lang='lat' dir='ltr'>Procriaquc</span> <span class='ocrx_word' id='word_1_77' title='bbox 523 873 588 928; x_wconf 84' lang='lat' dir='ltr'>locis,-</span> <span class='ocrx_word' id='word_1_78' title='bbox 604 881 754 936; x_wconf 71' lang='lat' dir='ltr'>mestsmquc</span> <span class='ocrx_word' id='word_1_79' title='bbox 773 869 827 918; x_wconf 80' lang='lat' dir='ltr'>En·-</span> 
     </span>
    </p>
   </div>
   <div class='ocr_carea' id='block_1_7' title="bbox 250 938 931 1014">
    <p class='ocr_par' dir='ltr' id='par_1_10' title="bbox 250 938 931 1014">
     <span class='ocr_line' id='line_1_13' title="bbox 250 938 931 1014; baseline -0.034 -17"><span class='ocrx_word' id='word_1_80' title='bbox 250 948 348 1014; x_wconf 82' lang='lat' dir='ltr'>phyleu,</span> <span class='ocrx_word' id='word_1_81' title='bbox 779 938 829 984; x_wconf 81' lang='grc'>445</span> <span class='ocrx_word' id='word_1_82' title='bbox 930 941 931 962; x_wconf 61' lang='lat' dir='ltr'>t</span> 
     </span>
    </p>
   </div>
   <div class='ocr_carea' id='block_1_8' title="bbox 154 1000 712 1142">
    <p class='ocr_par' dir='ltr' id='par_1_11' title="bbox 154 1000 712 1142">
     <span class='ocr_line' id='line_1_14' title="bbox 154 1000 699 1068; baseline -0.039 0"><span class='ocrx_word' id='word_1_83' title='bbox 154 1016 263 1068; x_wconf 81' lang='lat' dir='ltr'>Crudelis</span> <span class='ocrx_word' id='word_1_84' title='bbox 273 1011 323 1060; x_wconf 89' lang='lat' dir='ltr'>uati</span> <span class='ocrx_word' id='word_1_85' title='bbox 333 1013 500 1060; x_wconf 68' lang='lat' dir='ltr'>monstrantem</span> <span class='ocrx_word' id='word_1_86' title='bbox 510 1003 607 1050; x_wconf 80' lang='lat' dir='ltr'>uolnera</span> <span class='ocrx_word' id='word_1_87' title='bbox 616 1000 699 1055; x_wconf 85' lang='lat' dir='ltr'>cernit,</span> 
     </span>
     <span class='ocr_line' id='line_1_15' title="bbox 156 1066 712 1142; baseline -0.031 -11"><span class='ocrx_word' id='word_1_88' title='bbox 156 1081 326 1142; x_wconf 79' lang='lat' dir='ltr'>Evadnenque,</span> <span class='ocrx_word' id='word_1_89' title='bbox 336 1082 360 1122; x_wconf 88' lang='lat' dir='ltr'>et</span> <span class='ocrx_word' id='word_1_90' title='bbox 371 1069 520 1132; x_wconf 65' lang='lat' dir='ltr'>Pasiphaiim</span> <span class='ocrx_word' id='word_1_91' title='bbox 535 1067 572 1116; x_wconf 89' lang='lat' dir='ltr'>his</span> <span class='ocrx_word' id='word_1_92' title='bbox 583 1066 712 1124; x_wconf 81' lang='lat' dir='ltr'>Laudamia</span> 
     </span>
    </p>
   </div>
   <div class='ocr_carea' id='block_1_9' title="bbox 60 1127 830 1204">
    <p class='ocr_par' dir='ltr' id='par_1_12' title="bbox 60 1127 830 1204">
     <span class='ocr_line' id='line_1_16' title="bbox 60 1127 830 1204; baseline -0.03 -5"><span class='ocrx_word' id='word_1_93' title='bbox 60 1131 73 1146; x_wconf 35' lang='grc' dir='ltr'>ι’</span> <span class='ocrx_word' id='word_1_94' title='bbox 158 1147 182 1196; x_wconf 91' lang='lat' dir='ltr'>It</span> <span class='ocrx_word' id='word_1_95' title='bbox 193 1161 277 1199; x_wconf 86' lang='lat' dir='ltr'>comes,</span> <span class='ocrx_word' id='word_1_96' title='bbox 288 1150 312 1190; x_wconf 90' lang='lat' dir='ltr'>et</span> <span class='ocrx_word' id='word_1_97' title='bbox 319 1137 414 1204; x_wconf 86' lang='lat' dir='ltr'>juvenis</span> <span class='ocrx_word' id='word_1_98' title='bbox 424 1135 551 1200; x_wconf 70' lang='lat' dir='ltr'>quondum,</span> <span class='ocrx_word' id='word_1_99' title='bbox 561 1147 625 1182; x_wconf 87' lang='lat' dir='ltr'>nuuc</span> <span class='ocrx_word' id='word_1_100' title='bbox 634 1131 731 1186; x_wconf 76' lang='lat' dir='ltr'>semina,</span> <span class='ocrx_word' id='word_1_101' title='bbox 741 1127 830 1186; x_wconf 73' lang='lat' dir='ltr'>Canis,</span> 
     </span>
    </p>
   </div>
   <div class='ocr_carea' id='block_1_10' title="bbox 158 1197 725 1260">
    <p class='ocr_par' dir='ltr' id='par_1_13' title="bbox 158 1197 725 1260">
     <span class='ocr_line' id='line_1_17' title="bbox 158 1197 725 1260; baseline -0.023 -1"><span class='ocrx_word' id='word_1_102' title='bbox 158 1213 250 1260; x_wconf 88' lang='lat' dir='ltr'>Rursus</span> <span class='ocrx_word' id='word_1_103' title='bbox 261 1218 285 1256; x_wconf 88' lang='lat' dir='ltr'>et</span> <span class='ocrx_word' id='word_1_104' title='bbox 296 1207 321 1254; x_wconf 87' lang='lat' dir='ltr'>iu</span> <span class='ocrx_word' id='word_1_105' title='bbox 331 1212 433 1252; x_wconf 81' lang='lat' dir='ltr'>veterem</span> <span class='ocrx_word' id='word_1_106' title='bbox 445 1201 493 1248; x_wconf 87' lang='lat' dir='ltr'>fato</span> <span class='ocrx_word' id='word_1_107' title='bbox 504 1197 610 1246; x_wconf 83' lang='lat' dir='ltr'>reuoluta</span> <span class='ocrx_word' id='word_1_108' title='bbox 619 1197 725 1260; x_wconf 74' lang='lat' dir='ltr'>figuram.</span> 
     </span>
    </p>
   </div>
   <div class='ocr_carea' id='block_1_11' title="bbox 192 1261 931 1337">
    <p class='ocr_par' dir='ltr' id='par_1_14' title="bbox 192 1261 931 1337">
     <span class='ocr_line' id='line_1_18' title="bbox 192 1261 931 1337; baseline -0.024 -14"><span class='ocrx_word' id='word_1_109' title='bbox 192 1276 260 1328; x_wconf 85' lang='lat' dir='ltr'>Inter</span> <span class='ocrx_word' id='word_1_110' title='bbox 270 1289 327 1337; x_wconf 81' lang='lat' dir='ltr'>ques</span> <span class='ocrx_word' id='word_1_111' title='bbox 338 1265 460 1326; x_wconf 74' lang='lat' dir='ltr'>Phoenissa</span> <span class='ocrx_word' id='word_1_112' title='bbox 471 1279 577 1322; x_wconf 76' lang='lat' dir='ltr'>recense</span> <span class='ocrx_word' id='word_1_113' title='bbox 587 1262 682 1312; x_wconf 83' lang='lat' dir='ltr'>uoluere</span> <span class='ocrx_word' id='word_1_114' title='bbox 692 1261 757 1312; x_wconf 89' lang='lat' dir='ltr'>Dido</span> <span class='ocrx_word' id='word_1_115' title='bbox 781 1261 832 1309; x_wconf 78' lang='lat'>4⁵0</span> <span class='ocrx_word' id='word_1_116' title='bbox 930 1321 931 1326; x_wconf 12' lang='lat'>¹</span> 
     </span>
    </p>
   </div>
   <div class='ocr_carea' id='block_1_12' title="bbox 144 1328 846 2694">
    <p class='ocr_par' dir='ltr' id='par_1_15' title="bbox 160 1328 836 1777">
     <span class='ocr_line' id='line_1_19' title="bbox 160 1328 741 1394; baseline -0.028 -2"><span class='ocrx_word' id='word_1_117' title='bbox 160 1341 261 1392; x_wconf 73' lang='lat' dir='ltr'>Errabat</span> <span class='ocrx_word' id='word_1_118' title='bbox 272 1336 328 1389; x_wconf 82' lang='lat' dir='ltr'>silvl</span> <span class='ocrx_word' id='word_1_119' title='bbox 339 1334 363 1381; x_wconf 92' lang='lat' dir='ltr'>in</span> <span class='ocrx_word' id='word_1_120' title='bbox 375 1330 472 1394; x_wconf 80' lang='lat' dir='ltr'>mugnl;</span> <span class='ocrx_word' id='word_1_121' title='bbox 487 1345 558 1393; x_wconf 82' lang='lat' dir='ltr'>quam</span> <span class='ocrx_word' id='word_1_122' title='bbox 568 1328 654 1378; x_wconf 84' lang='lat' dir='ltr'>Troius</span> <span class='ocrx_word' id='word_1_123' title='bbox 665 1329 741 1381; x_wconf 81' lang='lat' dir='ltr'>herus,</span> 
     </span>
     <span class='ocr_line' id='line_1_20' title="bbox 160 1390 793 1468; baseline -0.028 -12"><span class='ocrx_word' id='word_1_124' title='bbox 160 1408 196 1456; x_wconf 85' lang='lat' dir='ltr'>Ut</span> <span class='ocrx_word' id='word_1_125' title='bbox 206 1404 307 1468; x_wconf 87' lang='lat' dir='ltr'>primum</span> <span class='ocrx_word' id='word_1_126' title='bbox 313 1400 385 1463; x_wconf 58' lang='lat' dir='ltr'>juxte</span> <span class='ocrx_word' id='word_1_127' title='bbox 395 1395 466 1449; x_wconf 76' lang='lat' dir='ltr'>stetit.</span> <span class='ocrx_word' id='word_1_128' title='bbox 477 1392 635 1456; x_wconf 69' lang='lat' dir='ltr'>adgnouitque</span> <span class='ocrx_word' id='word_1_129' title='bbox 646 1407 689 1454; x_wconf 80' lang='lat' dir='ltr'>per</span> <span class='ocrx_word' id='word_1_130' title='bbox 700 1390 793 1438; x_wconf 85' lang='lat' dir='ltr'>umbras</span> 
     </span>
     <span class='ocr_line' id='line_1_21' title="bbox 162 1457 736 1524; baseline -0.03 -6"><span class='ocrx_word' id='word_1_131' title='bbox 162 1469 301 1520; x_wconf 83' lang='lat' dir='ltr'>Obscuram,</span> <span class='ocrx_word' id='word_1_132' title='bbox 310 1463 402 1524; x_wconf 84' lang='lat' dir='ltr'>qualem</span> <span class='ocrx_word' id='word_1_133' title='bbox 413 1458 489 1520; x_wconf 81' lang='lat' dir='ltr'>primo</span> <span class='ocrx_word' id='word_1_134' title='bbox 500 1457 541 1518; x_wconf 85' lang='lat' dir='ltr'>qui</span> <span class='ocrx_word' id='word_1_135' title='bbox 551 1469 645 1518; x_wconf 80' lang='lat' dir='ltr'>surgere</span> <span class='ocrx_word' id='word_1_136' title='bbox 656 1469 736 1506; x_wconf 82' lang='lat' dir='ltr'>meuse</span> 
     </span>
     <span class='ocr_line' id='line_1_22' title="bbox 162 1519 775 1584; baseline -0.026 -3"><span class='ocrx_word' id='word_1_137' title='bbox 162 1533 212 1581; x_wconf 86' lang='lat' dir='ltr'>Aut</span> <span class='ocrx_word' id='word_1_138' title='bbox 222 1531 293 1582; x_wconf 84' lang='lat' dir='ltr'>videt,</span> <span class='ocrx_word' id='word_1_139' title='bbox 305 1533 346 1574; x_wconf 84' lang='lat' dir='ltr'>aut</span> <span class='ocrx_word' id='word_1_140' title='bbox 355 1523 441 1572; x_wconf 83' lang='lat' dir='ltr'>vidisse</span> <span class='ocrx_word' id='word_1_141' title='bbox 451 1527 520 1584; x_wconf 82' lang='lat' dir='ltr'>putat</span> <span class='ocrx_word' id='word_1_142' title='bbox 530 1534 573 1581; x_wconf 85' lang='lat' dir='ltr'>per</span> <span class='ocrx_word' id='word_1_143' title='bbox 583 1519 665 1567; x_wconf 82' lang='lat' dir='ltr'>nubile</span> <span class='ocrx_word' id='word_1_144' title='bbox 675 1519 775 1571; x_wconf 80' lang='lat' dir='ltr'>Lunum,</span> 
     </span>
     <span class='ocr_line' id='line_1_23' title="bbox 164 1583 836 1658; baseline -0.016 -15"><span class='ocrx_word' id='word_1_145' title='bbox 164 1593 265 1652; x_wconf 80' lang='lat' dir='ltr'>Demisit</span> <span class='ocrx_word' id='word_1_146' title='bbox 276 1591 389 1644; x_wconf 73' lang='lat' dir='ltr'>lacrimas,</span> <span class='ocrx_word' id='word_1_147' title='bbox 400 1584 509 1658; x_wconf 78' lang='lat' dir='ltr'>dulcique</span> <span class='ocrx_word' id='word_1_148' title='bbox 521 1584 614 1634; x_wconf 72' lang='lat' dir='ltr'>adfatu</span> <span class='ocrx_word' id='word_1_149' title='bbox 625 1597 702 1632; x_wconf 77' lang='lat' dir='ltr'>surore</span> <span class='ocrx_word' id='word_1_150' title='bbox 713 1590 763 1630; x_wconf 83' lang='lat' dir='ltr'>est:</span> <span class='ocrx_word' id='word_1_151' title='bbox 785 1583 836 1632; x_wconf 80' lang='lat'>4⁵⁵</span> 
     </span>
     <span class='ocr_line' id='line_1_24' title="bbox 163 1647 656 1711; baseline -0.034 0"><span class='ocrx_word' id='word_1_152' title='bbox 163 1655 251 1711; x_wconf 80' lang='lat' dir='ltr'>Infelix</span> <span class='ocrx_word' id='word_1_153' title='bbox 262 1656 336 1710; x_wconf 86' lang='lat' dir='ltr'>Dido,</span> <span class='ocrx_word' id='word_1_154' title='bbox 346 1665 417 1706; x_wconf 79' lang='lat' dir='ltr'>verns.</span> <span class='ocrx_word' id='word_1_155' title='bbox 425 1647 483 1701; x_wconf 83' lang='lat' dir='ltr'>rnilu</span> <span class='ocrx_word' id='word_1_156' title='bbox 493 1647 590 1696; x_wconf 86' lang='lat' dir='ltr'>nuntius</span> <span class='ocrx_word' id='word_1_157' title='bbox 600 1662 656 1710; x_wconf 78' lang='lat' dir='ltr'>ergo</span> 
     </span>
     <span class='ocr_line' id='line_1_25' title="bbox 163 1713 787 1777; baseline -0.03 -1"><span class='ocrx_word' id='word_1_158' title='bbox 163 1729 270 1777; x_wconf 82' lang='lat' dir='ltr'>Venerat</span> <span class='ocrx_word' id='word_1_159' title='bbox 279 1720 425 1771; x_wconf 81' lang='lat' dir='ltr'>exstinctam,</span> <span class='ocrx_word' id='word_1_160' title='bbox 434 1713 544 1776; x_wconf 79' lang='lat' dir='ltr'>ferroque</span> <span class='ocrx_word' id='word_1_161' title='bbox 554 1718 659 1766; x_wconf 82' lang='lat' dir='ltr'>extrema</span> <span class='ocrx_word' id='word_1_162' title='bbox 668 1717 787 1772; x_wconf 82' lang='lat' dir='ltr'>secutam3</span> 
     </span>
    </p>

    <p class='ocr_par' dir='ltr' id='par_1_16' title="bbox 144 1776 844 2367">
     <span class='ocr_line' id='line_1_26' title="bbox 144 1776 749 1842; baseline -0.033 0"><span class='ocrx_word' id='word_1_163' title='bbox 144 1796 148 1800; x_wconf 86' lang='lat'>&#39;</span> <span class='ocrx_word' id='word_1_164' title='bbox 165 1789 264 1842; x_wconf 83' lang='lat' dir='ltr'>Funeris</span> <span class='ocrx_word' id='word_1_165' title='bbox 273 1788 321 1836; x_wconf 86' lang='lat' dir='ltr'>heu</span> <span class='ocrx_word' id='word_1_166' title='bbox 331 1782 374 1837; x_wconf 77' lang='lat' dir='ltr'>tibi</span> <span class='ocrx_word' id='word_1_167' title='bbox 385 1795 466 1832; x_wconf 75' lang='lat' dir='ltr'>caussa</span> <span class='ocrx_word' id='word_1_168' title='bbox 476 1777 526 1830; x_wconf 68' lang='lat' dir='ltr'>lull</span> <span class='ocrx_word' id='word_1_169' title='bbox 543 1776 678 1826; x_wconf 83' lang='lat' dir='ltr'>Persidem</span> <span class='ocrx_word' id='word_1_170' title='bbox 685 1776 749 1840; x_wconf 85' lang='lat' dir='ltr'>juro,</span> 
     </span>
     <span class='ocr_line' id='line_1_27' title="bbox 165 1841 789 1916; baseline -0.029 -10"><span class='ocrx_word' id='word_1_171' title='bbox 165 1859 213 1906; x_wconf 89' lang='lat' dir='ltr'>Per</span> <span class='ocrx_word' id='word_1_172' title='bbox 224 1854 333 1916; x_wconf 83' lang='lat' dir='ltr'>Superos,</span> <span class='ocrx_word' id='word_1_173' title='bbox 344 1857 368 1898; x_wconf 86' lang='lat' dir='ltr'>et</span> <span class='ocrx_word' id='word_1_174' title='bbox 378 1847 398 1894; x_wconf 90' lang='lat' dir='ltr'>si</span> <span class='ocrx_word' id='word_1_175' title='bbox 408 1843 524 1909; x_wconf 75' lang='lat' dir='ltr'>quande</span> <span class='ocrx_word' id='word_1_176' title='bbox 533 1842 617 1898; x_wconf 81' lang='lat' dir='ltr'>tellure</span> <span class='ocrx_word' id='word_1_177' title='bbox 627 1842 671 1893; x_wconf 79' lang='lat' dir='ltr'>sub</span> <span class='ocrx_word' id='word_1_178' title='bbox 682 1841 728 1889; x_wconf 70' lang='lat' dir='ltr'>iml</span> <span class='ocrx_word' id='word_1_179' title='bbox 737 1847 789 1888; x_wconf 76' lang='lat' dir='ltr'>est:</span> 
     </span>
     <span class='ocr_line' id='line_1_28' title="bbox 167 1906 839 1978; baseline -0.033 -9"><span class='ocrx_word' id='word_1_180' title='bbox 167 1921 267 1973; x_wconf 79' lang='lat' dir='ltr'>Invitus,</span> <span class='ocrx_word' id='word_1_181' title='bbox 278 1916 421 1978; x_wconf 79' lang='lat' dir='ltr'>regina„tue</span> <span class='ocrx_word' id='word_1_182' title='bbox 431 1912 462 1958; x_wconf 88' lang='lat' dir='ltr'>de</span> <span class='ocrx_word' id='word_1_183' title='bbox 472 1908 540 1956; x_wconf 88' lang='lat' dir='ltr'>litore</span> <span class='ocrx_word' id='word_1_184' title='bbox 551 1906 617 1956; x_wconf 87' lang='lat' dir='ltr'>cessi.</span> <span class='ocrx_word' id='word_1_185' title='bbox 788 1909 839 1954; x_wconf 84' lang='lat'>460</span> 
     </span>
     <span class='ocr_line' id='line_1_29' title="bbox 167 1969 840 2046; baseline -0.027 -11"><span class='ocrx_word' id='word_1_186' title='bbox 167 1987 214 2034; x_wconf 87' lang='lat' dir='ltr'>Sed</span> <span class='ocrx_word' id='word_1_187' title='bbox 225 1999 263 2030; x_wconf 86' lang='lat' dir='ltr'>me</span> <span class='ocrx_word' id='word_1_188' title='bbox 271 1977 434 2046; x_wconf 68' lang='lat' dir='ltr'>jusanam,</span> <span class='ocrx_word' id='word_1_189' title='bbox 446 1989 499 2037; x_wconf 82' lang='lat' dir='ltr'>quse</span> <span class='ocrx_word' id='word_1_190' title='bbox 510 1989 574 2023; x_wconf 88' lang='lat' dir='ltr'>nunc</span> <span class='ocrx_word' id='word_1_191' title='bbox 585 1974 628 2021; x_wconf 82' lang='lat' dir='ltr'>lrss</span> <span class='ocrx_word' id='word_1_192' title='bbox 638 1971 672 2020; x_wconf 90' lang='lat' dir='ltr'>ire</span> <span class='ocrx_word' id='word_1_193' title='bbox 683 1985 726 2034; x_wconf 89' lang='lat' dir='ltr'>per</span> <span class='ocrx_word' id='word_1_194' title='bbox 737 1969 840 2028; x_wconf 83' lang='lat' dir='ltr'>umbras,</span> 
     </span>
     <span class='ocr_line' id='line_1_30' title="bbox 167 2035 821 2102; baseline -0.024 -5"><span class='ocrx_word' id='word_1_195' title='bbox 167 2050 215 2099; x_wconf 81' lang='lat' dir='ltr'>Per</span> <span class='ocrx_word' id='word_1_196' title='bbox 226 2048 278 2093; x_wconf 81' lang='lat' dir='ltr'>loca</span> <span class='ocrx_word' id='word_1_197' title='bbox 289 2052 356 2094; x_wconf 79' lang='lat' dir='ltr'>rents</span> <span class='ocrx_word' id='word_1_198' title='bbox 365 2041 411 2090; x_wconf 88' lang='lat' dir='ltr'>situ</span> <span class='ocrx_word' id='word_1_199' title='bbox 422 2046 509 2102; x_wconf 82' lang='lat' dir='ltr'>cogunt</span> <span class='ocrx_word' id='word_1_200' title='bbox 519 2046 658 2100; x_wconf 70' lang='lat' dir='ltr'>nectensque</span> <span class='ocrx_word' id='word_1_201' title='bbox 669 2035 821 2100; x_wconf 85' lang='lat' dir='ltr'>profundam,</span> 
     </span>
     <span class='ocr_line' id='line_1_31' title="bbox 167 2101 669 2176; baseline -0.03 -14"><span class='ocrx_word' id='word_1_202' title='bbox 167 2110 278 2176; x_wconf 86' lang='lat' dir='ltr'>Imperiis</span> <span class='ocrx_word' id='word_1_203' title='bbox 287 2123 357 2171; x_wconf 83' lang='lat' dir='ltr'>egere</span> <span class='ocrx_word' id='word_1_204' title='bbox 367 2106 428 2166; x_wconf 86' lang='lat' dir='ltr'>suis;</span> <span class='ocrx_word' id='word_1_205' title='bbox 443 2119 489 2154; x_wconf 85' lang='lat' dir='ltr'>uec</span> <span class='ocrx_word' id='word_1_206' title='bbox 498 2105 595 2158; x_wconf 75' lang='lat' dir='ltr'>credere</span> <span class='ocrx_word' id='word_1_207' title='bbox 604 2101 669 2167; x_wconf 81' lang='lat' dir='ltr'>quivi</span> 
     </span>
     <span class='ocr_line' id='line_1_32' title="bbox 168 2165 751 2229; baseline -0.029 -3"><span class='ocrx_word' id='word_1_208' title='bbox 168 2180 241 2229; x_wconf 87' lang='lat' dir='ltr'>Hunc</span> <span class='ocrx_word' id='word_1_209' title='bbox 251 2181 343 2226; x_wconf 78' lang='lat' dir='ltr'>tannim</span> <span class='ocrx_word' id='word_1_210' title='bbox 354 2171 397 2219; x_wconf 87' lang='lat' dir='ltr'>tibi</span> <span class='ocrx_word' id='word_1_211' title='bbox 408 2185 446 2220; x_wconf 85' lang='lat' dir='ltr'>ure</span> <span class='ocrx_word' id='word_1_212' title='bbox 456 2169 560 2222; x_wconf 85' lang='lat' dir='ltr'>discessu</span> <span class='ocrx_word' id='word_1_213' title='bbox 570 2169 630 2222; x_wconf 77' lang='lat' dir='ltr'>ferre</span> <span class='ocrx_word' id='word_1_214' title='bbox 640 2165 751 2214; x_wconf 87' lang='lat' dir='ltr'>dolorem.</span> 
     </span>
     <span class='ocr_line' id='line_1_33' title="bbox 170 2231 809 2304; baseline -0.034 -11"><span class='ocrx_word' id='word_1_215' title='bbox 170 2245 229 2294; x_wconf 89' lang='lat' dir='ltr'>Siste</span> <span class='ocrx_word' id='word_1_216' title='bbox 240 2238 346 2304; x_wconf 73' lang='lat' dir='ltr'>gradum,</span> <span class='ocrx_word' id='word_1_217' title='bbox 356 2243 427 2298; x_wconf 86' lang='lat' dir='ltr'>teque</span> <span class='ocrx_word' id='word_1_218' title='bbox 437 2234 552 2295; x_wconf 85' lang='lat' dir='ltr'>adspectu</span> <span class='ocrx_word' id='word_1_219' title='bbox 562 2249 593 2284; x_wconf 85' lang='lat' dir='ltr'>ne</span> <span class='ocrx_word' id='word_1_220' title='bbox 602 2231 712 2282; x_wconf 72' lang='lat' dir='ltr'>subtrahe</span> <span class='ocrx_word' id='word_1_221' title='bbox 722 2231 809 2274; x_wconf 83' lang='lat' dir='ltr'>nostro.</span> 
     </span>
     <span class='ocr_line' id='line_1_34' title="bbox 170 2290 844 2367; baseline -0.033 -10"><span class='ocrx_word' id='word_1_222' title='bbox 170 2311 248 2367; x_wconf 86' lang='lat' dir='ltr'>Quem</span> <span class='ocrx_word' id='word_1_223' title='bbox 259 2301 335 2366; x_wconf 76' lang='lat' dir='ltr'>fugis?</span> <span class='ocrx_word' id='word_1_224' title='bbox 351 2307 481 2350; x_wconf 79' lang='lat' dir='ltr'>extremum</span> <span class='ocrx_word' id='word_1_225' title='bbox 492 2297 549 2353; x_wconf 90' lang='lat' dir='ltr'>fato,</span> <span class='ocrx_word' id='word_1_226' title='bbox 558 2297 621 2362; x_wconf 90' lang='lat' dir='ltr'>quod</span> <span class='ocrx_word' id='word_1_227' title='bbox 632 2303 656 2342; x_wconf 85' lang='lat' dir='ltr'>te</span> <span class='ocrx_word' id='word_1_228' title='bbox 666 2291 786 2355; x_wconf 73' lang='lat' dir='ltr'>adloquor,</span> <span class='ocrx_word' id='word_1_229' title='bbox 797 2290 844 2341; x_wconf 80' lang='lat' dir='ltr'>hoc</span> 
     </span>
    </p>

    <p class='ocr_par' dir='ltr' id='par_1_17' title="bbox 266 2359 845 2418">
     <span class='ocr_line' id='line_1_35' title="bbox 266 2359 845 2418; baseline -0.014 -2"><span class='ocrx_word' id='word_1_230' title='bbox 266 2376 308 2417; x_wconf 84' lang='lat' dir='ltr'>est.</span> <span class='ocrx_word' id='word_1_231' title='bbox 348 2415 349 2418; x_wconf 68' lang='grc'>,</span> <span class='ocrx_word' id='word_1_232' title='bbox 458 2407 460 2412; x_wconf 95' lang='grc'>.</span> <span class='ocrx_word' id='word_1_233' title='bbox 795 2359 845 2408; x_wconf 77' lang='lat'>466</span> 
     </span>
    </p>

    <p class='ocr_par' dir='ltr' id='par_1_18' title="bbox 169 2426 846 2694">
     <span class='ocr_line' id='line_1_36' title="bbox 169 2426 720 2489; baseline -0.034 -3"><span class='ocrx_word' id='word_1_234' title='bbox 169 2437 266 2489; x_wconf 77' lang='lat' dir='ltr'>Talibus</span> <span class='ocrx_word' id='word_1_235' title='bbox 275 2431 362 2481; x_wconf 81' lang='lat' dir='ltr'>AEneas</span> <span class='ocrx_word' id='word_1_236' title='bbox 373 2426 494 2476; x_wconf 74' lang='lat' dir='ltr'>ardentem</span> <span class='ocrx_word' id='word_1_237' title='bbox 503 2431 528 2472; x_wconf 88' lang='lat' dir='ltr'>et</span> <span class='ocrx_word' id='word_1_238' title='bbox 538 2432 606 2472; x_wconf 80' lang='lat' dir='ltr'>torve</span> <span class='ocrx_word' id='word_1_239' title='bbox 616 2430 720 2470; x_wconf 84' lang='lat' dir='ltr'>tuentem</span> 
     </span>
     <span class='ocr_line' id='line_1_37' title="bbox 172 2485 730 2616; baseline -0.027 -68"><span class='ocrx_word' id='word_1_240' title='bbox 172 2500 274 2616; x_wconf 58' lang='lat' dir='ltr'>penlbst</span> <span class='ocrx_word' id='word_1_241' title='bbox 284 2495 354 2545; x_wconf 86' lang='lat' dir='ltr'>dictis</span> <span class='ocrx_word' id='word_1_242' title='bbox 363 2491 473 2546; x_wconf 84' lang='lat' dir='ltr'>animum,</span> <span class='ocrx_word' id='word_1_243' title='bbox 483 2488 636 2550; x_wconf 75' lang='lat' dir='ltr'>lacrimasque</span> <span class='ocrx_word' id='word_1_244' title='bbox 647 2485 730 2536; x_wconf 86' lang='lat' dir='ltr'>ciebat.</span> 
     </span>
     <span class='ocr_line' id='line_1_38' title="bbox 189 2553 648 2614; baseline -0.033 0"><span class='ocrx_word' id='word_1_245' title='bbox 189 2568 220 2614; x_wconf 83' lang='lat' dir='ltr'>lla</span> <span class='ocrx_word' id='word_1_246' title='bbox 230 2564 278 2612; x_wconf 86' lang='lat' dir='ltr'>solo</span> <span class='ocrx_word' id='word_1_247' title='bbox 289 2563 351 2612; x_wconf 74' lang='lat' dir='ltr'>fixos.</span> <span class='ocrx_word' id='word_1_248' title='bbox 358 2557 436 2608; x_wconf 83' lang='lat' dir='ltr'>oculos</span> <span class='ocrx_word' id='word_1_249' title='bbox 447 2568 528 2602; x_wconf 82' lang='lat' dir='ltr'>aversa</span> <span class='ocrx_word' id='word_1_250' title='bbox 538 2553 648 2611; x_wconf 73' lang='lat' dir='ltr'>tenebet5</span> 
     </span>
     <span class='ocr_line' id='line_1_39' title="bbox 173 2616 846 2694; baseline -0.03 -13"><span class='ocrx_word' id='word_1_251' title='bbox 173 2633 227 2681; x_wconf 85' lang='lat' dir='ltr'>Nee</span> <span class='ocrx_word' id='word_1_252' title='bbox 237 2627 311 2691; x_wconf 77' lang='lat' dir='ltr'>magis</span> <span class='ocrx_word' id='word_1_253' title='bbox 320 2625 415 2694; x_wconf 78' lang='lat' dir='ltr'>incepto</span> <span class='ocrx_word' id='word_1_254' title='bbox 425 2619 516 2676; x_wconf 83' lang='lat' dir='ltr'>uoltum</span> <span class='ocrx_word' id='word_1_255' title='bbox 523 2633 631 2674; x_wconf 61' lang='lat' dir='ltr'>armeus</span> <span class='ocrx_word' id='word_1_256' title='bbox 640 2623 755 2672; x_wconf 81' lang='lat' dir='ltr'>moretur,</span> <span class='ocrx_word' id='word_1_257' title='bbox 796 2616 846 2662; x_wconf 75' lang='grc'>470</span> 
     </span>
    </p>
   </div>
   <div class='ocr_carea' id='block_1_13' title="bbox 0 0 980 2924">
    <p class='ocr_par' dir='ltr' id='par_1_19' title="bbox 0 0 980 2924">
     <span class='ocr_line' id='line_1_40' title="bbox 0 0 980 2924; baseline 0 0"><span class='ocrx_word' id='word_1_258' title='bbox 0 0 980 2924; x_wconf 95' lang='lat' dir='ltr'> </span> 
     </span>
    </p>
   </div>
  </div>
 </body>
</html>
