1878 2930
292 63 498 120 GEORGICON
515 67 572 117 Lus.
584 65 633 118 IV.
769 72 802 122 79

120 187 248 255 sparserit,
259 193 300 236 aut
310 203 416 252 praeceps
426 188 540 252 Neptuno
549 189 682 242 inmerserit
693 189 778 242 Eurus.

120 255 182 306 Haec
193 255 285 302 circum
295 253 363 302 casiae
374 253 502 308 uirides,=et
512 255 600 305 olentia
609 255 656 304 lute
767 260 803 306 30

121 319 240 384 serpylla,
251 325 276 365 et
286 319 388 380 graviter
398 317 507 380 spirantis
517 320 585 383 copia
595 319 712 384 thymbrae

119 385 224 438 Floreat,
234 383 398 446 inriguumque
409 382 492 430 bibant
501 383 598 434 violaria
606 385 707 438 fontem.

120 451 181 514 Ipsa
192 456 280 504 autem,
292 463 332 494 seu
340 445 467 495 corticibus
477 447 521 496 tibi
531 455 584 497 suta
593 451 688 506 cevatis,

120 514 170 562 Seu
181 514 247 561 lento
259 512 346 566 luerint
357 511 459 558 alvearia
468 511 555 560 vimirrc
564 520 636 570 texta,

119 579 246 642 Angustos
256 577 358 626 habeant
369 577 460 630 aditus:
477 592 532 624 num
542 577 627 640 frigore
638 580 707 628 mella
768 583 802 630 35

121 643 196 707 Cogit
207 643 290 697 hiems,
300 643 430 704 eademque
440 639 504 688 calor
513 641 639 706 liquefacta
648 645 751 694 remittit.

120 709 232 782 Utraque
242 705 279 754 vis
289 707 371 770 apibus
382 706 471 769 pariter
480 707 624 768 metuenda3
636 724 712 774 neque
723 711 769 758 illae

121 772 295 836 Nequidquam
305 771 330 818 iu
341 771 409 820 tectis
419 770 526 818 certatim
535 771 617 820 tenuia
626 774 680 821 ceri

122 837 276 902 spiramenta
285 835 370 892 linunt,
379 837 480 899 lucoque
491 843 516 883 et
526 835 622 884 floribus
630 851 681 884 oras

34 933 37 938 -
123 901 240 965 Explent,
251 901 427 965 conlectumque
438 901 489 948 haec
499 902 551 964 ipsa
562 901 593 948 ad
604 917 702 948 nuuuera
712 903 792 964 gluten

124 967 160 1014 Et
170 967 236 1014 visco
247 973 271 1012 et
282 965 393 1030 Phrygius
404 974 497 1013 servant
507 967 561 1029 pice
571 965 658 1014 lentius
669 965 728 1014 ldae.
771 972 806 1016 41.

124 1031 195 1096 Saepe
207 1031 278 1078 etiam
288 1030 385 1086 effossis,
396 1030 415 1079 si
426 1045 482 1078 vera
492 1039 527 1079 est
538 1031 608 1086 lema,
619 1029 714 1078 latebris

126 1095 177 1144 Sub
188 1096 250 1145 terti
261 1095 340 1143 fovere
351 1095 431 1150 larem,
442 1095 582 1159 penitusque
592 1102 691 1159 repertae

127 1159 310 1223 Purnicibusque
320 1160 384 1208 cavis
394 1174 515 1224 exesaeque
526 1161 614 1208 arboris
625 1169 699 1208 antro.

127 1225 166 1272 Tu
177 1232 257 1272 tamen
267 1240 281 1271 e
291 1224 337 1274 levi
348 1225 434 1271 rimosa
444 1224 531 1272 cubilia
541 1225 597 1272 limo
773 1226 805 1273 45

127 1291 216 1352 Ungue
227 1289 308 1338 fovens
319 1289 416 1343 mcum,
430 1296 454 1336 et
464 1304 528 1336 raras
538 1305 609 1352 super
619 1288 691 1353 injice
702 1289 805 1336 frondes.

128 1354 187 1414 Neu
198 1354 294 1418 propius
304 1355 372 1404 tectis
383 1361 463 1402 taxum
474 1354 538 1414 siue;
554 1369 615 1402 neve
625 1354 742 1402 rubentes⁴

129 1419 181 1468 Ure
192 1420 244 1466 foco
255 1434 366 1480 cancros3
386 1419 438 1466 alta
449 1435 497 1467 neu
507 1419 578 1468 crede
588 1419 677 1484 paludi,

129 1481 181 1531 Aut
192 1483 232 1530 ubi
243 1485 301 1531 odor
310 1484 371 1531 cuni
382 1485 465 1547 gravis,
476 1492 517 1532 uut
528 1485 568 1532 ubi
579 1501 683 1534 concava
693 1484 762 1550 pulsu

130 1548 192 1596 Saxa
202 1555 294 1604 sonunt,
304 1549 413 1612 vocisque
424 1549 513 1598 offensa
523 1549 620 1598 resultat
630 1551 713 1613 imago.
774 1551 807 1596 50

163 1613 234 1670 Quod
246 1621 360 1678 superest,
369 1613 410 1660 ubi
419 1615 508 1677 pulsam
516 1615 617 1662 hiemem
625 1615 658 1662 sol
667 1630 751 1664 aureus
759 1613 808 1676 egit

129 1677 181 1740 Sub
193 1686 273 1732 terras,
284 1678 413 1742 coelumque
425 1679 505 1728 aestivi
515 1679 568 1726 luce
578 1678 686 1738 reclusit3

131 1741 183 1790 Illae
194 1743 306 1791 continuo
317 1743 388 1790 saltus
399 1743 513 1806 silvasque
523 1751 657 1806 peragrant,

131 1805 312 1872 Purpureusque
322 1815 414 1856 metunt
423 1807 500 1863 flores,
511 1815 535 1854 et
546 1807 643 1854 flumina
653 1805 733 1852 libant

132 1871 227 1920 Summa
237 1873 306 1920 leves.
336 1871 400 1920 Hinc
411 1872 490 1920 nescio
500 1871 547 1935 qui
557 1870 683 1918 dulcedine
694 1869 754 1918 laetae
776 1871 809 1918 ⁵5

131 1935 272 2000 Progeniem
283 1938 398 2002 nidosque
407 1938 488 1984 fovent
494 1953 501 1996 ;
517 1935 573 1984 hinc
584 1943 634 1982 arte
644 1941 750 1983 recentes

131 2000 262 2051 Excudunt
272 2016 344 2057 ceras,
355 2009 380 2049 et
390 2002 459 2050 mella
468 2000 561 2048 tenacia
572 2001 670 2064 lingunt

132 2065 205 2122 Hinc,
216 2067 257 2114 ubi
265 2066 317 2130 jam
328 2067 437 2114 emissum
448 2065 524 2113 caveis
535 2066 566 2112 ad
577 2065 654 2114 sidera
665 2063 718 2114 coeli

132 2131 199 2178 Nare
210 2147 253 2194 per
263 2139 368 2179 aestatern
378 2131 491 2195 liquidam
503 2131 633 2194 suspexeris
643 2146 735 2194 agmen,

133 2195 311 2258 obscuramque
322 2196 382 2242 trahi
393 2201 465 2243 vento
476 2195 591 2243 mirabere
600 2195 695 2250 nubem,
778 2197 811 2244 60

133 2259 326 2324 Contemplator5
342 2277 413 2324 aquas
424 2259 512 2315 dulces,
523 2268 547 2307 et
557 2261 656 2308 frondea
666 2273 758 2322 semper

132 2323 205 2374 Tecta
216 2333 309 2388 petunt.
338 2325 394 2372 Huc
405 2333 431 2372 tu
439 2325 517 2388 jussos
528 2325 641 2388 adsperge
651 2338 752 2386 sapores,

132 2389 199 2436 Trita
209 2389 366 2453 melisphylla,
377 2397 401 2438 et
411 2389 524 2437 cerinthae
535 2389 637 2452 ignobile
648 2401 744 2450 gramen
753 2404 761 2446 3
805 2407 806 2414 ¹

132 2453 290 2518 'linnitusque
302 2455 345 2508 cie,
356 2462 380 2501 et
392 2453 477 2502 Matris
488 2461 559 2517 quate
569 2452 678 2517 cymbala
687 2450 801 2507 circumt,

165 2534 197 2566 sae
208 2519 334 2566 consident
344 2519 465 2566 medicatis
476 2519 584 2578 eedibus;
599 2517 656 2578 ipsae
779 2516 811 2564 65

13 2597 17 2604 ’
89 2645 93 2658 ι
160 2583 224 2644 Ιῑίιιιει
235 2598 300 2632 more
311 2599 353 2632 suo
363 2599 413 2632 sese
423 2584 450 2630 in
460 2582 578 2632 cunabula
588 2580 700 2635 condent,
