1878 2930
310 116 518 170 GEORGICON
534 117 593 168 Lis.
605 118 642 170 11.
782 126 814 172 5³

132 241 187 292 vix
198 239 299 292 humiles
310 240 393 305 opibus
404 241 477 288 ossius
487 256 609 308 roremque
619 241 735 292 ministret
741 261 750 305 ;

133 307 171 356 Et
182 307 270 370 tophus
279 307 369 362 scaber,
380 314 405 354 et
415 305 488 368 nigris
498 323 568 356 exeso
578 307 698 372 chelydris

134 372 226 432 erem
242 377 330 434 negant
341 371 399 420 alios
409 385 476 433 mque
487 372 632 436 serpentibus
643 389 711 436 agros
765 374 812 424 215

135 435 243 486 Dulcem
254 436 317 485 serre
327 436 406 484 cibum
417 443 443 484 et
453 449 535 484 curvus
546 437 650 500 prrebere
661 438 770 486 latebras.

135 502 200 558 Qum
210 507 307 550 tenuem
317 501 411 550 exbslot
421 500 531 548 nebulum
541 502 662 568 fumosque
671 503 786 557 volucres,

136 567 172 614 Et
180 565 241 614 bibit
248 567 378 622 humorem,
385 573 418 620 et,
426 581 500 630 quum
507 566 601 621 vultex
609 583 634 616 se
642 568 694 632 ipss
700 567 799 618 remittit
805 584 812 627 ;

136 631 249 694 Qureqne
259 646 302 678 suo
312 631 383 678 viridi
394 646 486 694 semper
496 645 521 678 se
531 631 635 706 pessume
645 635 723 691 vestit,
865 640 869 650 ’

136 696 194 744 Nec
203 694 283 743 scobis
294 703 318 744 ct
326 695 386 744 sulsb
398 695 463 744 laedit
473 694 580 758 robigine
591 697 692 761 lennm;
763 699 813 748 220

135 761 185 809 Ille
194 759 240 806 tibi
250 759 310 810 laeu's
320 760 411 810 intexet
421 759 509 808 vitibus
520 759 610 820 ulmos;

135 825 185 873 Illo
195 824 262 874 ferox
273 825 325 874 oleo
336 833 387 885 est3
403 824 466 872 illem
475 823 598 889 experiere
608 825 705 876 colendo

136 889 173 939 Et
183 888 277 938 facilem
288 890 375 954 mouri,
387 896 412 938 et
422 889 551 954 potientem
563 887 664 938 vomeris
673 893 736 941 unci.

135 954 220 1004 Telesu
230 954 297 1005 dives
307 963 359 1004 urst
370 953 407 1012 (lc
424 971 462 1010 uo,
473 962 498 1004 ct
508 954 590 1004 vicine
600 955 693 1003 Vesevo
763 959 813 1006 224

137 1019 265 1084 Orojugo,
275 1027 300 1068 et
309 1019 391 1070 roonis
402 971 499 1069 Etenim
510 1035 559 1068 non
570 1035 652 1084 equus
661 1018 764 1070 Acerris·

169 1085 195 1134 N
197 1100 253 1140 uuo,
263 1100 311 1148 quo
321 1099 439 1150 quomque
449 1086 520 1134 modo
531 1083 605 1150 possis
616 1099 766 1149 cognoscere,
776 1083 813 1132 di-

234 1165 294 1199 cmo.

136 1211 207 1262 noa
217 1213 254 1270 sit,
264 1230 295 1263 sn
306 1229 378 1280 supro
388 1229 477 1263 morsm
488 1212 508 1262 si
518 1214 600 1270 dense,
610 1213 729 1279 requires:

137 1278 224 1328 Altero
233 1279 356 1330 frumentis
365 1279 477 1344 quonium
487 1279 559 1335 fovet,
570 1279 645 1327 altero
654 1279 766 1341 Boccho;

138 1343 224 1392 Densa
232 1345 306 1409 msgis
315 1344 406 1399 Cereri,
416 1343 533 1394 ratissimo
542 1359 642 1408 queque
653 1343 742 1410 Lyaeo:

138 1405 205 1456 Ante
215 1408 292 1458 locum
301 1409 382 1474 copies
392 1408 473 1465 oculis,
484 1409 577 1474 alteque
583 1407 680 1474 jubebis
763 1411 812 1459 230

138 1473 171 1521 In
181 1473 256 1523 solido
263 1481 361 1539 putenm
372 1473 471 1530 demitti,
481 1489 621 1538 omnemque
630 1489 731 1539 repones

137 1538 232 1591 Rursus
241 1540 348 1596 humum,
355 1546 380 1588 et
389 1540 490 1604 pedibus
500 1555 601 1589 summos
608 1539 711 1606 equsbis
719 1553 811 1590 meum.

138 1602 165 1650 si
174 1604 284 1661 deerunt,
293 1620 381 1660 rorum.
392 1605 516 1670 pecorique
527 1612 552 1655 et
562 1605 650 1654 vitibus
660 1605 727 1654 ulmis

137 1666 234 1732 Aptius,
246 1669 305 1718 uber
314 1669 374 1718 eritz
390 1669 426 1718 sin
436 1669 462 1718 in
473 1687 515 1718 sus
525 1685 593 1734 posse
602 1670 725 1733 negsbunt

136 1731 180 1782 Ire
189 1734 249 1789 locu,
259 1742 284 1782 et
294 1733 415 1784 scrobibus
425 1735 545 1798 superabit
555 1741 618 1782 terro
627 1734 731 1798 repletis,
762 1736 811 1786 235

136 1795 230 1862 spissus
241 1813 313 1863 uger3
329 1798 409 1863 glebas
419 1808 558 1849 cunctantes
568 1813 691 1862 crasseque
702 1805 770 1862 tergo

136 1861 265 1928 Exspecto,
276 1871 302 1914 et
310 1863 395 1912 validis
406 1872 492 1914 terrem
503 1862 628 1928 proscinde
635 1861 751 1926 juvencis.

135 1927 204 1977 Sslss
214 1936 292 1978 sutem
303 1928 381 1985 tellus,
391 1936 417 1978 et
426 1945 479 1993 quae
489 1927 627 1994 perhibetur
637 1942 725 1983 omme,

137 1992 255 2058 Frugibus
265 1992 348 2043 infelix
358 1994 401 2058 (es
410 2009 456 2044 nec
466 1993 606 2042 mansuescit
617 1993 714 2047 orando,
762 1996 810 2044 239

138 2057 194 2106 Nec
203 2056 301 2108 Beccllo
311 2073 395 2122 genus,
404 2065 446 2106 aut
456 2059 531 2122 pomis
542 2075 584 2106 sue
594 2058 691 2106 nornine
701 2057 800 2124 servet),

136 2121 195 2172 Tele
206 2123 273 2172 debit
283 2125 417 2187 specimen:
433 2131 459 2170 tu
470 2125 543 2188 spisso
553 2123 641 2172 vimine
652 2124 741 2187 qualos,

136 2187 245 2252 Coloqne
255 2189 380 2252 prelorum
391 2189 488 2236 fumosis
497 2189 579 2252 deripe
590 2188 672 2251 tectim

136 2251 194 2302 Huc
205 2269 263 2317 eger
271 2253 312 2301 ille
322 2253 406 2309 melus,
416 2254 543 2318 dulcesque
553 2271 568 2302 u
578 2253 683 2302 fontibus
695 2253 773 2307 nudo,

134 2317 176 2366 Ad
189 2319 287 2382 pleum
296 2318 430 2368 eslcenmr:
446 2335 508 2384 uqnc
518 2319 658 2367 cluctsbitnr
672 2317 747 2366 omnis

135 2383 241 2438 Scilicet,
248 2391 275 2432 et
285 2384 387 2447 grendes
396 2384 465 2432 ibnnt
475 2399 519 2448 per
528 2383 617 2432 vimine
627 2390 715 2447 gnttc3
763 2381 811 2429 24⁵

134 2448 170 2496 At
180 2463 252 2513 sopor
260 2447 377 2496 indicim
385 2449 457 2498 locist
467 2449 612 2504 manifestus,
623 2456 647 2494 et
658 2462 700 2494 ors

134 2513 222 2562 'l‘ristia
232 2521 367 2562 teuteutnm
377 2529 446 2562 sensu
455 2514 574 2578 torquebit
584 2524 683 2559 moror.

135 2577 238 2642 Pinguis
246 2578 305 2628 item
316 2593 369 2642 quus
379 2579 411 2628 sit
419 2579 496 2634 tellus,
508 2580 552 2624 hoc
562 2574 666 2634 deniqne
677 2576 747 2633 pecto
812 2633 813 2638 1

136 2642 272 2693 Diximus
288 2645 356 2693 haud
364 2657 475 2708 umqum
486 2639 594 2690 minibus
601 2637 693 2746 jaectoto
702 2630 805 2684 muscis·

581 2715 595 2747 r
