1878 2930
146 120 178 166 ss
318 97 523 166 croucrcon
540 113 597 166 ns.
608 115 632 166 1.

144 237 235 287 Navita
245 246 295 286 tuns
305 237 377 286 stellis
387 251 496 287 numeros
506 245 531 288 et
541 239 637 288 nomina
647 239 711 296 lecit,

88 353 93 361 ,
144 303 260 358 Pleiadas,
272 303 379 366 Hyadas,
390 303 524 366 claramque
534 304 651 370 Lycaonis
661 304 759 354 Arcton

143 369 204 418 Tum
214 367 302 432 laqueis
312 375 407 430 captare
418 367 487 423 seras,
498 377 522 417 et
533 370 614 418 fallere
623 369 696 426 visco,
766 371 816 420 139

143 433 279 488 Inventum,
289 438 314 480 et
324 446 420 495 magnos
430 433 528 480 canibus
538 434 684 482 cucumdare
694 433 773 484 saltus.

136 498 223 561 *Atque
233 497 294 545 alius
302 497 375 544 latum
387 496 462 545 fundi
468 498 520 562 jam
530 499 639 546 verberat
649 513 757 560 amnem3

143 562 200 610 Alta
210 571 292 625 petens
302 561 432 626 pelagoque
442 562 501 610 alius
511 563 584 611 trahit
594 564 692 612 humida
701 564 758 612 lina.

141 628 202 676 Tum
213 627 269 675 ferri
280 625 350 688 rigor,
361 634 430 692 atque
441 635 529 690 argutas
541 627 627 676 lamina
637 643 706 676 serras

142 693 220 754 (Nam
231 691 300 755 primi
311 691 392 740 cuneis
401 691 540 740 scindebant
550 692 619 742 fissile
629 691 747 757 lignum);

141 755 202 804 Tum
213 757 283 805 varia
293 772 380 806 venere
390 765 465 806 artes:
482 757 547 804 labor
558 757 637 806 omnia
647 757 703 806 vicit
766 759 814 808 145

141 822 268 884 Inprobus,
277 829 304 869 et
312 821 376 870 duris
385 836 486 884 urguens
495 821 521 868 in
531 822 601 870 rebus
611 831 708 886 egestas.

139 885 222 934 Prima
232 887 304 936 Ceres
313 887 376 935 ferro
387 885 495 934 mortales
505 895 596 935 vertere
606 895 693 936 terram

141 951 261 1012 Instituit;
277 967 349 1015 quum
356 951 407 1014 jam
417 950 516 1013 glandes
525 958 595 1014 atque
606 953 690 1000 arbuta
700 967 772 1000 sacra

141 1015 278 1066 Deficerent
288 1016 359 1070 silvae,
371 1022 395 1063 et
405 1016 493 1063 victum
504 1013 608 1064 Dodona
618 1023 720 1080 negaret.

141 1081 202 1131 Mox
214 1090 237 1130 et
248 1081 371 1130 frumentis
380 1080 445 1128 labor
455 1080 563 1129 additus:
580 1089 607 1129 ut
617 1081 678 1129 mala
688 1081 776 1130 culmos

142 1145 210 1196 Esset
220 1147 308 1210 robigo,
319 1145 441 1210 segnisque
452 1145 557 1194 horreret
567 1145 592 1194 in
606 1147 668 1194 arvis
763 1147 811 1196 151

141 1210 263 1262 Carduus:
280 1212 398 1260 intereunt
409 1217 514 1275 segetes3
530 1211 593 1259 subit
603 1227 684 1274 aspera
695 1209 761 1266 silva,

141 1275 231 1340 Lappae
249 1291 278 1324 ue
290 1277 430 1339 tribulique;
445 1276 553 1338 interque
564 1276 664 1324 nitentia
674 1276 738 1324 culta

140 1341 228 1390 Infelix
233 1293 320 1390 1iolium
329 1349 354 1389 et
365 1341 453 1388 steriles
464 1340 614 1388 dominantur
626 1356 714 1389 svenae.

141 1407 211 1464 Quod
222 1405 267 1452 nisi
277 1413 302 1453 et
311 1405 414 1452 adsiduis
426 1413 511 1451 terram
520 1403 665 1452 insectabere
676 1403 763 1459 rastris,

141 1470 174 1516 Et
184 1470 261 1518 sonitu
272 1469 369 1518 terrebis
380 1483 441 1522 aves,
453 1475 478 1514 et
488 1468 547 1514 ruris
557 1469 626 1531 opaci
762 1469 811 1518 156

140 1533 210 1583 Falce
220 1548 311 1597 premes
320 1533 423 1586 umbras,
431 1531 539 1595 ‘votisque
549 1533 669 1582 vocaveris
680 1531 786 1589 imbrem,

141 1597 204 1654 Heu,
216 1614 325 1662 magnum
337 1597 431 1645 alterius
441 1598 528 1644 frustra
538 1599 655 1660 spectabis
665 1613 784 1653 acervum

140 1661 305 1728 Concussique
315 1664 400 1710 samem
410 1663 435 1710 in
446 1661 508 1710 silvis
519 1662 623 1711 solabere
633 1677 729 1728 quercu.

172 1729 307 1778 Dicendum
314 1735 346 1783 et,
354 1743 406 1790 que
414 1727 460 1776 sint
467 1727 532 1774 duris
540 1728 668 1792 agrestibus
677 1743 750 1781 arma,
760 1731 809 1778 160

140 1795 213 1853 Queis
223 1795 273 1842 sine
283 1809 328 1843 nec
338 1801 435 1856 potuere
446 1793 499 1848 seri,
509 1807 553 1840 nec
565 1808 667 1856 surgere,
678 1807 777 1840 messes:

139 1859 229 1914 vomis,
240 1868 264 1908 et
274 1859 354 1906 inflexi
366 1858 466 1922 primum
477 1873 548 1921 grave
557 1859 628 1906 robur
639 1857 718 1911 aratri,
765 1869 768 1875 ·

139 1924 263 1986 Tardaque
274 1923 390 1972 Eleusinae
401 1922 480 1972 matris
490 1922 608 1970 volventia
618 1922 729 1985 plaustra,

138 1989 288 2052 Tribulaque,
298 1989 439 2051 trabeaque,
453 1995 477 2035 et
487 1986 568 2049 iniquo
578 1987 683 2050 pondere
693 1983 761 2033 rastri
771 2003 778 2045 ;

138 2053 228 2114 Virgea
238 2061 352 2115 praterea
362 2053 427 2100 Celei
437 2052 534 2116 vilisque
544 2051 657 2114 supellex,
760 2053 809 2100 165

138 2117 250 2166 Arbuteae
261 2125 336 2164 crates
346 2124 370 2164 et
380 2118 479 2180 mystica
488 2130 579 2164 vannus
590 2115 685 2164 iacchi:

139 2181 226 2232 Omnia
236 2197 288 2245 qua
298 2181 372 2228 multo
382 2190 436 2229 aute
447 2196 535 2230 memor
544 2181 637 2243 provisa
647 2193 754 2243 repones,

138 2248 164 2296 si
175 2255 199 2296 te
209 2245 282 2309 digna
292 2253 371 2294 manet
381 2246 456 2293 divini
466 2246 544 2308 gloria'
549 2245 615 2293 ruris.

138 2313 258 2362 Continuo
265 2311 290 2358 in
301 2309 363 2356 silvis
373 2311 456 2374 magni
466 2309 490 2356 vi
501 2310 562 2356 flexa
572 2311 681 2358 domatur

139 2379 170 2426 ln
181 2377 265 2431 burim,
275 2382 299 2424 et
309 2373 376 2422 curvi
386 2376 483 2424 sormam
494 2373 583 2437 adcipit
594 2376 668 2423 ulmus
679 2372 751 2421 aratri
757 2390 765 2435 3

139 2442 203 2492 Huic
214 2459 229 2490 a
239 2441 310 2505 stirpe
320 2440 393 2503 pedes
404 2447 465 2488 temo
476 2445 598 2501 protentus
608 2441 633 2488 in
644 2445 713 2500 ooto;
760 2440 808 2486 m

138 2507 207 2555 Binae
218 2523 292 2562 aures,
302 2503 391 2568 duplici
400 2512 510 2568 aptantur
520 2504 625 2553 dentalia
634 2506 711 2552 dorso.

138 2571 245 2621 Caeditur
255 2581 280 2621 et
290 2571 340 2620 tilia
350 2576 404 2618 ante
411 2570 470 2634 jugo
481 2568 546 2624 levis,
557 2569 650 2634 altaque
660 2569 728 2630 fagus

136 2637 257 2701 Stivaque,
266 2653 319 2703 quas
329 2650 410 2687 currus
420 2651 435 2683 a
445 2644 511 2700 tergo
521 2634 713 2701 torquentium,
