1888 2924
305 113 468 164 AEnnlnos
483 113 540 164 Lra.
550 115 628 168 VIII.
756 121 804 169 2⁵9

130 237 158 288 Is
169 251 242 302 genus
252 237 354 285 indocile
365 254 392 286 ac
403 237 533 300 dispersum
544 237 661 284 montibus
671 238 723 286 altis

133 303 272 366 Conposuit,
284 302 391 366 legesque
402 302 476 354 dedit,
487 301 626 365 Latiumque
636 303 716 350 vocari

133 366 229 422 Maluit,
241 369 277 415 his
287 367 397 432 quoniam
408 365 511 413 latuisset
521 373 584 413 tutus
594 366 681 414 inuris.

132 432 273 496 Aureaque
284 433 415 496 perhibent,
426 430 465 478 illo
476 429 520 478 sub
529 446 585 494 rege
595 433 691 480 fuerunt

134 497 237 546 Secula:
255 498 289 544 eie
300 496 392 560 placidi
403 494 501 560 populos
511 495 536 542 in
547 511 605 558 pace
616 497 722 562 regebat:
754 497 803 546 ³25

135 562 247 611 Deterior
257 563 332 609 donec
343 560 463 624 paullntim
475 575 502 608 ac
512 560 607 608 decolor
613 570 676 620 ntes,

134 627 168 676 Et
178 627 234 675 belli
243 626 327 680 rabies,
338 634 362 673 et
373 640 437 672 amor
447 624 556 672 successit
566 625 676 674 habendi.

134 692 196 751 Tum
207 705 289 748 manus
300 689 405 738 Ausonia
414 697 439 738 et
449 697 530 752 gentes
539 705 625 738 venere
636 690 740 752 Sionem

136 755 228 818 sepius
239 761 264 802 et
274 770 359 802 nomen
370 755 447 818 posuit
457 752 567 803 Saturnio
576 753 651 804 tellus.

135 820 197 868 Tum
208 834 281 882 reges,
292 835 406 886 asperque
415 820 505 868 inmani
516 834 613 883 corpore
622 819 739 885 Thybrim
756 821 804 868 330

137 882 161 931 Α
171 900 219 949 quo
229 891 282 948 post
292 885 348 934 Itali
357 885 455 934 fluvium
465 885 602 948 cognomine
611 884 726 948 Thybrim

137 949 262 1010 Diximus3
278 951 353 998 amisit
362 965 444 998 verum
454 958 520 998 vetus
531 949 619 998 Albula
629 963 721 996 nomen.

138 1014 183 1062 Me
193 1015 286 1078 pulsum
297 1015 381 1078 patrii,
392 1014 514 1079 pelagique
525 1023 629 1062 extrema
639 1020 782 1078 sequentem,

138 1079 243 1126 Fortuna
253 1081 399 1143 omnipotens
410 1087 434 1128 et
444 1079 594 1128 ineluctabile
604 1080 679 1127 fetum

141 1143 186 1190 His
196 1159 295 1206 posuere
305 1144 369 1198 locis,
380 1144 504 1208 matr-isque
515 1159 584 1207 egere
594 1144 716 1192 tremenda
758 1145 806 1192 335

139 1206 271 1256 Carmentis
282 1208 400 1272 Nymphae
411 1209 507 1263 monita,
517 1216 542 1256 et
549 1209 617 1256 Deus
624 1215 705 1256 auctor
712 1207 805 1272 Apollo.

140 1271 189 1320 Vix
200 1286 229 1318 ee
239 1272 317 1331 dictu5
332 1272 424 1320 dehine
429 1287 563 1336 progressus
576 1279 689 1322 monstret
698 1281 723 1321 et
733 1288 805 1327 mam,

141 1335 175 1383 Et
185 1334 358 1384 Carmentalem
367 1335 476 1383 Romano
486 1335 581 1382 nomine
591 1341 683 1398 portam

143 1399 220 1458 Quam
231 1408 367 1456 memorant,
378 1399 498 1465 Nymphon
512 1398 614 1464 priscum
624 1398 756 1449 Carmentis
766 1401 819 1468 lso·¹

235 1479 315 1513 norem

139 1518 209 1578 Votis
220 1530 329 1584 fatidieae,
340 1528 425 1579 cecinit
435 1545 487 1594 qum
514 1529 573 1578 rima
582 1529 673 1578 t'uturos
758 1533 808 1582 340

141 1595 262 1644 AEueedas
271 1611 368 1660 magnus
377 1603 402 1644 et
410 1595 489 1644 nobile
498 1547 653 1644 latrantem.

142 1659 206 1708 Hinc
217 1660 295 1711 lucum
305 1661 431 1724 ingentem,
441 1676 510 1725 quem
520 1661 636 1710 Romulus
647 1675 700 1709 acer
708 1659 807 1726 Asylum

142 1723 242 1782 Retulit,
253 1736 278 1775 et
287 1726 363 1802 gelidi
373 1734 486 1774 monstrat
496 1726 539 1774 sub
550 1740 609 1835 rupe
619 1725 744 1788 Lupercal,

142 1787 267 1839 Parrhasio
277 1792 367 1839 dictum
377 1790 455 1838 Panos
465 1792 496 1838 de
506 1803 571 1836 more
602 1789 669 1851 yceei.

143 1852 197 1902 Nec
208 1869 256 1903 non
266 1863 290 1903 et
301 1856 360 1903 sacri
371 1862 484 1903 monstrat
492 1867 575 1901 nemus
585 1851 621 1898 Ar
637 1850 692 1904 'eti
759 1853 808 1902 345

142 1916 296 1983 Testeturque
306 1920 390 1974 locum,
401 1926 425 1967 et
434 1918 508 1966 letum
518 1917 588 1964 docet
597 1915 694 1979 hospitis
704 1913 771 1980 Aegi.

86 1979 88 1986 ’
144 1980 210 2030 Hinc
220 1984 251 2029 ed
261 1983 384 2047 Tarpeiam
394 1982 474 2032 sedem
484 1989 509 2029 et
515 1979 633 2043 Capitolia
642 1981 714 2036 ducit,

144 2042 227 2093 Aurea
236 2061 307 2102 nunc,
318 2048 373 2094 olim
383 2046 525 2094 silvestribus
535 2045 630 2093 horrida
640 2046 723 2094 dumis.

145 2109 201 2159 Jem
212 2120 261 2158 tum
272 2111 353 2174 religio
363 2111 460 2175 pusidos
469 2110 572 2159 terrebat
582 2118 682 2174 egrestes
762 2112 809 2159 ³49

146 2173 208 2222 Dira
218 2175 277 2235 loci;
289 2177 398 2240 jamtum
408 2175 489 2224 silvam
499 2191 625 2239 saxumque
635 2175 772 2225 tremebant.

146 2239 200 2288 Hoc
211 2255 301 2296 nemus,
311 2241 383 2297 hunc,
392 2240 476 2307 inquit,
486 2241 595 2288 frondoso
604 2241 692 2290 vertice
701 2238 792 2291 collem,

146 2305 207 2374 Quis
222 2307 296 2362 Deus,
309 2305 425 2355 incertum
441 2313 484 2362 eet,
498 2305 589 2355 habitat
605 2306 687 2366 Dens3
706 2301 811 2351 Arcade

147 2387 385 2511 Crepunlpssgllidisse
394 2437 410 2488 J
410 2452 485 2494 ovem,
495 2451 567 2502 quum
577 2449 640 2498 sepe
647 2433 781 2510 nigrantem

147 2497 234 2562 AEgrda
242 2511 386 2559 concuteret,
396 2503 477 2552 dexnl
486 2503 624 2563 nimbosque
633 2502 712 2547 cleret-

147 2561 207 2612 Haec
217 2565 266 2614 ‹luo
275 2575 390 2633 preterea
398 2568 501 2635 disjectis
510 2566 599 2631 oppida
608 2562 687 2618 muris,
765 2559 813 2608 355

147 2625 429 2698 Reliquus-veterumque
436 2633 502 2683 vides
511 2636 663 2681 monumenta
671 2625 780 2678 virorum.
