1878 2930
139 121 171 168 66
304 115 511 167 GEORGICON
527 115 584 164 Lis.
595 115 647 167 ΙΙΙ.

136 239 163 287 N
163 256 195 288 on
205 239 256 288 illas
266 241 375 304 gravibus
384 240 505 305 quisquam
512 239 573 304 juga
581 242 667 290 ducere
678 241 793 304 plaustris,

137 305 196 352 Non
205 305 266 352 saltu
277 321 387 369 superare
396 305 459 352 viem
469 305 499 352 sit
509 321 597 368 passus,
608 315 633 354 et
644 307 691 354 aeri
761 313 808 357 141

137 368 242 434 Carpere
253 378 320 434 prata
331 371 395 435 lugd,
406 370 535 434 fluviosque
546 370 629 419 innare
640 386 742 434 rapaces.

136 433 240 482 Saltibus
250 435 275 482 in
286 437 365 484 vacuis
376 444 515 499 presentet
526 434 596 498 plena
606 437 735 484 secundum

135 499 245 548 Flumina
251 517 259 559 ;
275 516 367 550 muwns
378 501 427 556 ubi,
438 509 462 548 et
471 499 611 548 viridissima
621 501 725 564 grarnim
736 503 796 567 ripa,

37 561 40 568 ’
135 562 304 678 speluncaque
315 573 403 630 tegent,
413 572 438 614 et
448 579 519 614 saxea
529 565 644 628 procubet
654 567 743 616 umbra.
760 570 808 619 145

135 627 179 676 Est
190 629 254 677 lucos
281 630 333 678 ilari
344 631 406 679 circa
415 629 554 694 ilicibusque
564 631 679 678 virentem

134 691 252 742 Plurimus
262 694 396 744 Alburnum
406 695 512 750 volitans,
522 694 578 758 quoi
589 711 674 744 nomen
686 695 743 743 asilo

132 756 269 807 Romanum
278 769 322 817 est,
332 769 426 809 oestrnrn
437 759 505 808 Graii
515 767 606 808 vertere
616 768 742 822 vocante„

132 820 218 886 Asper,
229 826 315 874 acerba
324 839 424 886 sonens3
439 841 486 888 quo
497 832 547 872 tota
557 824 669 872 exterrita
679 825 749 873 silvis.

133 886 271 952 Diffirgiunt
280 899 400 950 armentu
415 889 473 936 furit
483 888 610 952 mugitibus
620 891 695 938 aether
759 892 807 940 150

133 950 273 1010 concussus,
284 955 394 1019 silvaque
404 961 429 1001 et
439 953 495 1002 sicci
505 953 558 1016 ripa
567 953 677 1018 Tanagri.

132 1015 186 1064 Hoc
197 1021 428 1081 quondsmmonstro
439 1016 561 1066 horribiles
570 1019 675 1068 exercuit
683 1019 730 1067 iras

130 1079 237 1132 Inachia
247 1085 312 1134 June
323 1091 412 1148 pestem
423 1083 536 1131 meditata
542 1083 659 1148 juvence.

131 1145 205 1196 Hunc
214 1163 315 1213 quoque,
325 1165 381 1198 nem
391 1147 474 1196 mediis
484 1147 614 1197 fervoribus
624 1147 698 1197 acrior
708 1146 788 1203 instat,

131 1209 230 1264 Arcebis
241 1215 338 1278 gravido
348 1213 436 1280 pecori,
446 1220 598 1276 mmmtaque
756 1215 803 1264 155

131 1274 185 1324 Sole
195 1293 278 1327 recens
287 1287 347 1336 orto,
358 1287 401 1328 eut
408 1287 502 1326 noctem
514 1278 609 1326 ducenti
627 1294 654 1325 us
664 1277 738 1326 asnis.

163 1341 221 1392 Post
231 1350 324 1406 partum
334 1359 393 1393 cura
401 1344 428 1392 in
438 1343 523 1390 vitulos
533 1343 664 1390 traducitur
674 1342 750 1390 omnis
756 1361 765 1403 ;

35 1403 39 1408 ’
130 1405 296 1472 Continuoque
306 1415 373 1456 notas
383 1415 408 1455 et
417 1407 513 1454 nomina
523 1406 599 1468 gentis
604 1405 714 1460 inurunt,

130 1470 170 1525 Et,
180 1485 239 1535 quos
249 1478 291 1519 eut
301 1470 380 1535 psoorl
390 1471 473 1517 malint
483 1469 619 1518 submittere
629 1469 747 1524 habendo,

129 1533 180 1581 Aut
191 1533 237 1582 aris
248 1549 341 1586 semro
351 1549 435 1589 sacros,
446 1541 488 1581 eut
497 1531 604 1580 scindere
614 1540 709 1588 terrem,
752 1537 801 1584 160

129 1598 162 1646 Et
172 1613 281 1662 campum
293 1599 425 1647 horrentem
436 1597 516 1645 fractu
526 1597 643 1644 invertere
654 1597 735 1660 glebis.

129 1661 217 1710 cetera
227 1671 356 1726 pascuntur
365 1662 453 1710 virides
463 1669 569 1710 armentu
579 1675 622 1724 per
632 1662 724 1710 herbss.

127 1727 165 1774 Tu
175 1742 234 1792 quos
244 1729 275 1776 ad
286 1729 389 1776 studium
400 1735 469 1791 atque
479 1742 546 1774 usnrn
558 1725 668 1776 formabis
679 1734 801 1791 agrestem,

127 1791 144 1840 J
145 1808 183 1840 arn
193 1793 278 1841 vitulos
287 1794 388 1846 hortere,
398 1792 507 1854 viamque
515 1789 597 1839 insiste
608 1791 730 1847 domandi,

127 1856 194 1904 Dum
205 1857 285 1906 faciles
295 1858 367 1906 enimi
373 1857 497 1921 juvenum,
508 1857 565 1904 durn
575 1854 667 1904 mobilis
677 1865 740 1907 etas.

125 1917 164 1968 Ao
175 1921 275 1984 primum
285 1922 350 1970 laxos
360 1921 426 1969 tenui
437 1923 468 1970 de
479 1920 566 1970 vimine
576 1920 659 1968 circlos
750 1925 798 1973 166

127 1983 221 2042 Cervici
232 1985 359 2048 subnecte;
375 1986 470 2041 dehinc,
481 1985 522 2034 ubi
532 1985 607 2034 libera
616 1985 677 2034 colla

126 2047 225 2096 Servitio
235 2051 363 2105 adnuerint,
373 2050 429 2114 ipsis
439 2068 454 2100 e
465 2050 585 2115 torquibus
596 2058 663 2114 aptos

124 2112 205 2176 Junge
215 2129 291 2175 pares,
301 2124 326 2164 et
336 2131 393 2179 coge
404 2117 503 2180 gradum
515 2116 622 2164 conferre
627 2116 758 2180 juvencos;

124 2176 205 2241 Atque
216 2177 261 2226 illis
267 2180 319 2244 jam
330 2195 392 2244 sepe
403 2188 460 2230 rotae
471 2182 589 2229 ducentur
599 2179 682 2228 manes
750 2181 798 2227 170

125 2240 174 2290 Per·
184 2250 277 2299 terram,
289 2254 313 2292 et
323 2261 413 2292 summo
423 2246 521 2310 vestigia
531 2245 628 2311 pulvere
639 2246 746 2308 signent:

124 2303 183 2355 Post
193 2307 271 2356 velido
282 2310 359 2358 nitens
369 2310 413 2357 sub
424 2313 530 2375 pondere
540 2309 633 2373 faginus
644 2309 694 2356 exis

124 2369 253 2438 instrepat,
263 2381 288 2424 et
294 2374 390 2451 junctos
401 2381 465 2426 temo
475 2376 553 2423 nebat
562 2389 637 2422 serens
647 2373 723 2422 orbes

122 2433 220 2488 Interea
230 2439 288 2504 pubi
296 2439 415 2488 indomite
427 2457 476 2489 non
486 2438 592 2504 pemmo
601 2445 701 2495 tentum,
749 2440 798 2488 1⁷4

122 2500 149 2547 N
149 2517 177 2550 ec
188 2519 269 2553 vescas
278 2505 374 2554 salicum
384 2505 489 2560 frondes,
498 2505 539 2552 ulv
593 2519 624 2553 ue
634 2503 770 2567 palustrem,

122 2563 171 2624 Sed
181 2568 301 2620 frumenta
309 2585 381 2620 manu
391 2585 474 2636 carpes
485 2519 625 2620 seremiles
635 2569 680 2618 tibi
690 2570 753 2624 sete,

122 2627 193 2694 Mtte
204 2641 306 2699 purum,
316 2636 386 2688 nivea
394 2635 521 2704 inplebrmt
530 2634 665 2686 mulctraria
674 2650 752 2686 vacce
758 2651 768 2697 ς
