1878 2930
20 89 48 174 l,

20 176 36 204 y!

297 97 502 160 eucnemon
518 99 574 150 Lis.
586 98 608 150 1.
760 105 794 154 37

20 243 22 264 l
123 225 155 276 Et
165 235 280 288 suspensa
288 219 346 270 loeis
354 221 461 288 explorat
470 223 554 270 robore
564 221 647 271 sumus
744 229 792 276 trs

150 289 251 339 Possum
262 287 336 334 multa
346 286 389 336 tibi
400 294 505 334 veterum
516 295 634 352 precepta
644 285 740 344 referre,

119 355 152 404 Ni
164 352 261 416 refugis,
272 361 400 415 tenuesque
411 351 475 414 piget
485 367 623 414 cognoscere
633 368 708 402 curas.

117 420 184 468 Area
194 416 334 480 cumprimis
344 416 435 480 ingenti
445 418 559 478 aequanda
569 417 684 482 cylindro,

118 485 151 533 Et
161 482 278 530 vertenda
287 497 367 536 manu,
377 488 402 528 et
412 479 477 528 creti
487 481 608 530 solidanda
617 483 695 532 tensci
701 503 709 550 5

118 547 158 597 Ne
170 547 271 596 subeant
282 547 370 601 herbas,
381 560 428 594 neu
438 544 535 608 pulvere
545 546 608 594 ricta
617 547 724 596 fatiscet:
742 551 790 598 130

118 613 180 662 Tum
189 612 263 659 varies
273 609 382 658 inludent
392 617 483 673 pestes:
500 625 563 673 sape
571 611 669 675 exiguus
678 629 731 662 mus

117 677 167 726 Sub
177 675 247 724 terris
258 675 379 740 posuitque
390 676 471 722 domos
482 687 552 738 atque
562 675 645 725 horrea
654 678 710 726 fecit
716 697 725 740 5

117 742 168 792 Aut
179 739 253 789 oculis
263 741 327 804 cepti
337 741 418 788 fodere
428 739 516 788 cubilia
524 739 609 804 tslpae3

117 805 280 870 Invenranue
289 805 354 854 cavis
363 805 429 860 bufo,
439 811 464 852 et
474 820 526 882 quae
537 804 637 867 plurima
646 813 714 855 terre
741 810 790 856 184

27 899 28 902 =
117 869 789 934 Monstreserunt5populatquerngenteml'arrisecervum

118 934 239 990 Curculio,
249 943 320 998 atque
330 933 396 996 inopi
407 943 512 982 metuens
525 935 624 984 lormice
632 943 739 982 mnectae.

149 999 330 1062 Contemplator
338 999 403 1053 item,
413 1013 486 1061 quum
497 1015 522 1048 se
532 1015 581 1048 nux
593 999 694 1063 plurima
704 999 766 1046 silvis

117 1065 208 1113 Induct
218 1064 244 1111 in
255 1065 343 1118 florem,
354 1072 379 1110 et
389 1078 465 1112 remos
474 1065 582 1112 curvabit
591 1065 693 1112 olentes:

119 1123 145 1180 Si
156 1137 269 1193 superant
279 1130 349 1182 fetus,
360 1127 448 1190 pariter
458 1129 575 1176 frumenta
585 1138 719 1193 sequentur,

118 1195 257 1256 Magnaque
267 1209 321 1240 cum
332 1206 417 1254 magno
426 1192 506 1240 veniet
515 1192 599 1240 tritura
609 1193 701 1254 calore;
744 1196 792 1241 190

118 1260 154 1308 At
166 1257 186 1304 si
197 1257 286 1305 luxurii
297 1256 405 1305 foliorum
415 1257 529 1304 exuberat
540 1257 628 1312 umbra,

118 1321 289 1385 Nequidquam
298 1322 398 1386 pingues
408 1320 476 1384 pelea
486 1328 546 1370 teret
556 1337 611 1370 area
620 1321 716 1372 culmos.

151 1385 247 1437 Semina
257 1386 307 1434 vidi
316 1386 425 1450 equidem
437 1385 521 1434 multos
530 1387 648 1436 medicare
658 1395 768 1442 serentes,

118 1451 152 1500 Et
162 1451 226 1501 nitro
236 1451 301 1516 prius
310 1460 335 1498 et
345 1449 411 1514 nigri
422 1451 564 1514 perfundere
574 1454 681 1514 amurcl5

118 1515 240 1565 Grandior
251 1524 278 1564 ut
288 1517 349 1576 fetus
359 1515 448 1578 siliquis
458 1517 578 1566 fallacibus
587 1527 661 1577 esset3
743 1520 789 1568 195

118 1579 160 1636 Et,
171 1581 277 1644 quemvis
286 1579 336 1644 igni
343 1579 436 1643 exiguo,
447 1589 571 1645 properate
580 1584 709 1632 maderent.

116 1645 177 1693 Vidi
187 1645 249 1693 lecta
259 1645 309 1700 diu,
319 1656 344 1694 et
354 1645 426 1693 multo
436 1654 540 1709 spectata
549 1647 629 1695 labore
712 1687 715 1690 .

117 1709 274 1772 Degenerare
284 1719 371 1765 tmen,
382 1709 408 1756 ni
418 1709 453 1756 vis
463 1711 566 1758 bumana
575 1711 711 1774 quot-annis

119 1775 239 1822 Maxuma
250 1790 348 1839 quinque
359 1790 430 1822 manu
440 1775 541 1838 legeret;
556 1775 590 1822 sic
600 1773 679 1822 omnis
688 1773 742 1822 fetis

116 1837 150 1886 In
161 1840 231 1904 pejus
242 1855 319 1894 ruere,
330 1855 357 1888 ec
368 1847 431 1886 retro
441 1841 551 1904 sublapsa
560 1839 650 1888 referti.
742 1841 791 1888 200

116 1903 176 1952 Non
187 1905 263 1960 aliter,
275 1919 345 1966 quam
355 1904 396 1966 qui
407 1904 505 1952 adverso
514 1904 554 1951 vix
565 1903 661 1952 flumine
671 1905 774 1954 lembum

115 1967 234 2032 Remigiis
245 1969 332 2033 subigit
338 1969 380 2044 qsi
391 1967 487 2016 brachia
497 1969 557 2016 forte
566 1969 662 2026 remisit,
733 1999 739 2023 s

115 2032 199 2096 Atque
210 2033 313 2080 illumin
325 2047 429 2096 praeceps
440 2047 514 2096 prono
525 2032 588 2098 rapit
598 2033 676 2082 alveus
687 2033 758 2082 amni.
808 2088 812 2098 ι

147 2097 272 2148 Praeterea
281 2107 329 2145 tsm
340 2105 395 2144 sunt
403 2096 499 2146 Arcturi
508 2097 585 2146 sidere
594 2099 662 2146 nobis

115 2161 298 2225 Haedorumque
309 2163 360 2209 dies
371 2163 478 2210 servandi
488 2171 514 2210 et
523 2163 614 2210 lucidus
623 2163 723 2226 Anguis,
743 2163 791 2210 205

115 2226 200 2286 Quem
210 2227 305 2290 quibus,
316 2225 342 2274 in
352 2227 451 2289 patriam
458 2235 554 2275 ventose
562 2241 604 2291 pet
611 2243 705 2292 equore
714 2225 794 2278 vectis,

117 2291 212 2340 Pontus
223 2300 249 2340 et
260 2291 362 2338 ostriferi
372 2292 451 2339 fauces
461 2300 581 2340 tententur
589 2292 679 2356 Abydi.

115 2355 192 2404 Libra
203 2355 244 2404 die
255 2356 376 2420 somnique
386 2371 454 2419 pares
464 2357 506 2403 ubi
516 2357 597 2406 fecerit
606 2359 684 2412 hores,

115 2419 151 2470 Et
160 2420 269 2470 medium
279 2420 327 2469 luci
338 2427 408 2483 etque
415 2422 503 2468 umbris
508 2422 560 2532 qam
570 2421 656 2468 dividit
664 2417 761 2492 orbem

116 2485 246 2542 Exercete,
256 2484 311 2540 viri,
321 2494 400 2533 tauros
406 2504 414 2546 l
430 2485 498 2534 serite
526 2486 598 2534 ordea
607 2496 704 2542 campis,
747 2482 794 2526 210

116 2549 202 2614 Usque
212 2551 258 2598 sub
268 2557 401 2598 extremum
411 2550 499 2598 brumae
510 2545 663 2596 intractabilis
673 2542 788 2600 imbrem3

116 2615 174 2666 Nec
183 2630 236 2666 non
246 2623 272 2666 et
282 2613 326 2664 lini
334 2621 437 2678 segetem
446 2621 472 2663 et
481 2611 581 2663 Cereale
590 2619 694 2718 ἔκρανεν
