1878 2930
292 135 474 194 BUCOLICA,
490 137 553 188 Eur..
565 137 616 188 ΙΙΙ.
777 133 794 178 7

116 263 237 316 Novimus
247 269 273 309 et
283 261 324 324 qui
334 269 366 316 te,
377 269 510 310 transversa
519 261 640 310 tuentibus
650 260 730 319 hircis,

116 331 149 380 Et
160 344 218 394 quo,
230 328 272 376 sed
283 327 364 375 faciles
375 327 494 392 Nympha
506 327 585 382 risere,
596 326 688 376 sacello.

383 455 532 491 MENALCAS·

115 525 186 578 Tum,
197 524 279 579 credo,
289 537 361 586 quum
372 537 411 569 me
421 523 540 571 arbustum
550 524 630 573 videre
641 523 745 574 Miconis
763 529 794 574 1o

116 589 198 653 Atque
210 589 272 636 muli
281 589 342 636 vites
351 587 457 636 incidere
468 588 528 637 falce
537 590 649 638 novellus.

390 715 529 749 numus.

117 781 169 832 Aut
179 779 223 828 hic
234 780 266 827 ad
276 787 367 828 veteres
378 781 451 844 fagos,
462 797 535 844 quum
546 783 681 848 Daphnidis
692 801 773 835 mcum

118 844 220 959 {registi
230 852 255 892 et
265 845 380 921 uniamus:
396 862 447 910 quar
459 855 493 902 tu,
506 863 614 910 perverse
625 851 745 908 Menalca,

141 919 160 966 t,
171 925 246 972 quum
254 909 332 956 vrdrstr
344 925 417 972 puero
428 911 522 967 donna,
534 913 630 960 dolebas
636 933 645 975 ς

118 975 159 1032 Et,
171 975 192 1024 si
203 989 251 1022 non
263 974 341 1038 aliqui
351 975 475 1032 nocuisses,
486 985 592 1025 mortuus
602 993 670 1026 esses.
762 983 793 1032 15

379 1105 530 1144 Histiaeu-

120 1174 188 1232 Quid
199 1172 286 1221 domiui
298 1170 394 1226 saciant,
405 1173 493 1220 audent
502 1188 574 1236 quum
584 1171 642 1221 talia
652 1172 729 1222 sures!

120 1241 181 1290 Non
192 1254 236 1300 ego
246 1246 269 1285 te
280 1238 329 1285 vidi
340 1237 464 1290 Damonis,
474 1236 582 1300 pessime,
592 1253 689 1300 caprum

122 1302 244 1365 Excipere
252 1302 349 1356 insidiis,
360 1301 461 1348 multum
472 1301 573 1348 latrante
584 1299 698 1365 Lycisco?

121 1369 158 1417 Et
167 1383 239 1430 quum
250 1367 382 1421 clamarem,
393 1366 448 1423 Quo
459 1381 524 1414 nunc
535 1380 560 1414 se
570 1364 672 1430 proripit
681 1365 737 1416 ille?

120 1434 212 1498 Tityre,
223 1446 280 1496 coge
291 1447 378 1496 pectu3
394 1438 421 1479 tu
434 1439 487 1495 post
497 1439 591 1480 carecto
601 1429 698 1481 latebas.
764 1437 796 1484 2⁰

367 1544 368 1551 ’
387 1558 527 1592 nummus.

118 1627 161 1677 An
172 1625 231 1676 mihi
242 1625 360 1674 cautando
371 1623 448 1672 victus
457 1639 506 1672 non
517 1625 628 1673 redderet
636 1623 684 1681 ille,

120 1693 200 1750 Quem
210 1706 264 1739 mea
274 1689 417 1738 carminibus
428 1690 549 1738 meruisset
559 1689 645 1745 fistula,
655 1691 768 1754 caprum?

19 1753 20 1766 ¹
119 1758 146 1806 si
156 1757 243 1812 nescis,
253 1769 320 1802 meus
330 1754 370 1802 ille
382 1769 452 1818 caper
463 1755 524 1815 fuit3
540 1754 633 1802 etmihi
645 1755 739 1804 Damon

119 1822 177 1888 Ipse
188 1821 325 1880 fatebatur3
340 1820 382 1867 scd
393 1820 492 1868 reddere
503 1833 571 1883 posse
581 1818 690 1882 negabat.

382 1949 532 1982 ΜΕΝΑῑῦΔΙ.

19 2031 22 2048 ·
118 2017 249 2069 Cantando
259 2023 287 2064 tu
297 2015 377 2064 illum?
394 2021 435 2063 aut
446 2031 557 2079 umquam
567 2013 611 2062 tibi
622 2015 700 2064 fistulo
710 2015 765 2065 ceri

118 2085 135 2134 J
137 2090 213 2132 uncta
224 2081 285 2128 suit?
301 2095 350 2128 non
360 2080 425 2128 tuin
436 2079 518 2134 triviis,
529 2079 632 2135 indocte,
643 2081 734 2129 solebas
766 2085 797 2131 26

119 2146 238 2198 stridenti
249 2147 359 2194 miserum
370 2144 456 2209 stipulo
467 2145 604 2209 disperdere
614 2146 722 2195 carmen?

391 2269 531 2304 numurus.

118 2337 165 2386 Vis
176 2351 242 2400 ergo,
252 2335 316 2384 inter
327 2349 378 2389 nos,
389 2333 447 2398 quid
459 2335 531 2398 possit
543 2339 649 2399 uterque,
660 2331 762 2382 vicissim

19 2407 20 2422 ¹
119 2401 296 2466 Experiamur?
313 2415 358 2462 ego
369 2401 431 2446 hune
442 2399 541 2447 vitulam
551 2399 595 2463 (ue
607 2400 667 2447 sorte
679 2410 780 2450 recuses,

120 2466 165 2516 Bis
175 2466 242 2514 veuit
252 2466 284 2513 ad
296 2463 428 2520 mulctram,
439 2464 506 2512 binos
517 2463 559 2512 elit
569 2463 642 2511 ubere
653 2458 728 2522 fetus)
766 2463 800 2508 30

25 2525 33 2569 i
120 2529 239 2598 Depone:
256 2539 284 2580 tu
294 2529 342 2585 dic,
353 2545 444 2578 mecum
455 2544 501 2592 quo
512 2529 611 2593 pignore
621 2533 702 2576 certes.
