1878 2930
295 89 501 151 G'EORGIGON
519 100 576 151 Lm.
588 102 609 151 Ι.
762 107 795 154 45

117 226 159 276 Ob
217 221 225 236 ⁸
241 239 272 271 ue
283 237 360 276 canes,
371 221 555 288 importunaque
565 215 679 280 volucres,
743 229 791 274 4⁷0

115 291 191 355 Signa
201 291 234 337 da
283 295 299 336 t.
321 287 419 345 Quoties
430 287 560 351 Cyclopum
570 289 684 338 effervere
691 288 717 336 iu
725 305 792 353 agros

114 356 228 406 Vidimus
239 354 369 401 undantem
380 352 455 415 ruptis
466 352 597 402 fornacibus
609 356 716 410 AEtnam,

114 420 321 482 Flammarumque
331 417 411 480 globos
422 416 591 482 liquefactaque
601 420 695 470 volvere
706 418 774 468 saxal

113 484 243 532 Armorum
255 482 355 530 sonitum
365 489 415 529 toto
426 481 553 530 Germania
562 482 619 532 coelo

114 549 201 597 Audiit
207 567 215 609 3
231 546 330 595 insolitis
340 553 485 594 tremuerunt
496 547 595 594 motibus
605 549 684 614 Alpes.
740 551 790 598 475

114 615 170 670 Vox
182 627 277 677 quoque
286 627 328 676 per
339 610 402 658 lucos
413 611 481 674 volgo
491 611 602 658 exaudite
612 614 705 663 silentes

115 678 222 741 Ingeus;
238 685 262 726 et
274 675 396 724 simulacra
406 676 481 723 modis
492 675 604 738 pallentia
614 679 677 725 miris

114 743 176 791 Visa
186 743 231 790 sub
241 742 366 790 obscurum
376 741 465 802 noetis;
481 741 628 804 pecudesque
639 744 749 807 loquutae,

115 806 263 856 Infandum!
281 806 366 854 sistunt
377 821 463 861 amnes,
474 814 591 871 terreque
602 806 740 869 debiscuut;

115 872 149 920 Et
160 879 267 920 maestum
279 870 411 919 inlacrimat
419 871 512 934 templis
520 872 587 925 ebur,
595 885 687 936 aeraque
696 873 788 921 sudant.

114 936 210 984 Proluit
219 937 304 984 insano
315 943 471 999 contorquens
481 937 569 984 vertice
581 935 649 983 silvas
740 941 788 985 481

116 996 256 1049 Flauiorum
266 1015 309 1049 rex
320 1000 446 1055 Eridanus,
458 1015 598 1065 camposque
609 1016 652 1064 per
662 1016 743 1048 omnes

116 1065 180 1114 Cum
191 1065 289 1114 stabulis
300 1073 405 1114 armenta
414 1064 475 1112 tulit.
504 1065 557 1114 Nec
568 1074 674 1128 tempore
685 1067 768 1114 eodem

72 1186 73 1192 ἵ
115 1131 233 1180 trucibus
245 1140 286 1179 aut
295 1130 356 1178 extis
366 1130 431 1176 fibra
443 1129 557 1192 adparere
568 1129 677 1186 minaces,

113 1195 170 1244 Aut
181 1195 258 1257 puteis
267 1211 362 1243 manare
372 1208 441 1241 eruor
452 1195 565 1255 cesserim
581 1202 605 1242 et
617 1195 670 1242 altre
741 1196 789 1244 485

115 1259 168 1308 Per
178 1267 270 1306 noctem
280 1274 396 1314 resonare,
408 1258 468 1322 lupis
480 1257 630 1315 ululantibus,
641 1259 718 1307 urbes.

114 1324 144 1374 N
145 1339 178 1371 on
190 1323 246 1372 alias
256 1325 313 1373 coelo
323 1325 459 1374 oeciderunt
470 1323 538 1386 plura
548 1339 630 1373 sereno

114 1389 222 1453 Fulgura
228 1407 236 1450 ;
252 1404 296 1437 nec
307 1389 353 1438 diri
363 1389 431 1437 toties
442 1403 518 1438 arsere
528 1397 632 1440 cometa.

115 1455 183 1518 Ergo
193 1454 255 1502 inter
266 1469 315 1502 sese
326 1454 421 1518 paribus
431 1469 569 1504 concurrere
580 1455 633 1504 telis
760 1503 762 1508 ,

115 1520 238 1568 Romanas
249 1518 309 1568 acies
318 1519 403 1568 iterum
413 1519 493 1566 videre
503 1519 624 1584 Philippi3
738 1523 787 1569 49⁰

116 1585 172 1634 Nec
183 1584 229 1631 fuit
238 1584 362 1648 indignum
373 1584 469 1647 superis,
482 1584 516 1631 bia
526 1585 638 1650 sanguine
649 1592 728 1633 nostro

114 1649 253 1696 Emathiam
262 1656 286 1696 et
297 1649 355 1696 latos
367 1649 443 1697 Haemi
454 1647 605 1712 pinguescere
617 1665 718 1712 campos.

33 1757 44 1778 ,
116 1713 213 1762 Scilicet
224 1722 248 1761 et
258 1722 349 1776 tempus
360 1714 445 1767 veniet,
456 1729 527 1776 quum
538 1714 623 1760 finibus
634 1714 680 1760 illis

115 1779 236 1842 Agricola,
246 1778 344 1826 incurvo
354 1785 440 1826 terram
450 1777 542 1825 molitus
554 1786 638 1832 aratro,

115 1839 197 1894 Exesia
206 1843 311 1890 inveniet
321 1843 402 1890 scabri
413 1841 519 1906 robigine
531 1843 586 1906 pila,
740 1841 788 1895 495
857 1847 863 1862 ¹

114 1907 168 1956 Aut
178 1907 288 1970 gravibus
298 1907 377 1955 rastris
387 1908 465 1971 galeas
476 1907 578 1970 pulsabit
586 1907 676 1960 inanes,

116 1973 271 2036 Grandiaque
282 1972 370 2020 effossis
381 1971 502 2020 mirabitur
513 1987 564 2019 ossa
574 1971 691 2035 sepulcris.

115 2037 153 2087 Di
164 2037 234 2102 patrii
245 2037 373 2100 Indigetes,
385 2045 409 2084 et
420 2037 528 2091 Romule,
538 2037 657 2100 Vestaque
669 2041 750 2090 mater,

115 2104 177 2161 Quae
188 2103 290 2152 Tuscum
300 2102 403 2150 'liberim
413 2109 438 2148 et
448 2100 557 2150 &mana
567 2101 659 2149 Palatia
669 2115 754 2154 servas,

115 2169 189 2216 Hunc
200 2166 281 2215 saltem
292 2182 373 2215 everso
380 2167 493 2230 juvenem
504 2181 638 2216 succurrere
649 2166 717 2214 saeclo
739 2167 787 2214 500
808 2207 809 2210 ,

116 2233 156 2281 Ne
167 2231 303 2296 prohibete!
322 2231 382 2280 Satis
389 2231 542 2295 jampridem
553 2232 666 2295 sauguine
676 2235 755 2278 nostro

114 2298 299 2346 Laomedonteae
310 2295 395 2344 luimus
407 2295 509 2360 perjuria
518 2295 603 2359 Trojae.
638 2295 640 2300 ’

113 2363 168 2412 Jam
180 2362 273 2426 pridem
283 2361 352 2408 nobis
362 2359 414 2410 coeli
425 2369 450 2407 te
460 2361 531 2424 regia,
541 2360 628 2415 Caesar,

115 2425 218 2483 Invidet,
231 2435 302 2490 atque
313 2426 434 2474 homiuum
444 2426 548 2489 queritur
556 2439 638 2472 curare
645 2415 789 2479 triumphos,

115 2491 211 2558 Quippe
226 2493 267 2539 nbi
282 2493 317 2539 sas
328 2506 422 2540 versum
437 2497 506 2554 atque
522 2489 601 2548 nesam
617 2493 653 2534 tot
667 2481 730 2529 bella
746 2495 789 2556 peg

210 2557 301 2614 orbem,
678 2610 680 2615 .
742 2547 790 2591 50¹³
