1878 2930
136 89 169 136 80
303 77 512 132 GEORGICON
529 81 585 132 Lra.
598 81 645 132 1v.

168 209 210 257 Sin
218 214 296 254 autem
306 205 336 252 ad
345 219 448 268 pugnam
455 206 555 254 exierint
560 224 567 267 ;
577 205 646 270 (nam
652 208 815 273 sepeduobus

135 273 243 337 Regibus
251 270 346 320 incessit
356 283 441 333 magno
452 271 569 319 discordia
579 281 651 326 motu,

136 338 301 400 Continuoque
312 334 402 382 animos
411 331 474 398 volgi
486 343 510 384 et
520 335 663 400 trepidantia
670 337 732 387 bello

136 403 216 452 Corda
226 404 281 450 licet
291 399 360 462 longe
371 400 530 464 prresciscere:
547 417 649 466 namque
659 411 776 454 morantes

136 467 240 516 Martius
250 466 289 514 ille
300 465 353 513 eris
363 465 429 514 rauci
440 481 512 514 canor
522 465 638 530 increpat,
648 475 673 516 et
683 485 729 516 vox
780 471 813 520 r1

135 532 241 581 Auditur
252 532 339 579 fractus
349 531 439 579 sonibus
448 531 539 578 imitata
549 533 673 593 tubarum3

135 597 197 645 'l’um
207 597 307 659 trepide
317 597 380 644 inter
390 611 415 645 se
426 597 520 652 co'eunt,
531 597 662 660 pennisque
673 606 804 656 coruscant,

137 661 278 726 Spiculaque
288 669 407 710 exacuunt
417 662 503 715 rostris,
515 669 643 726 aptantque
654 662 760 721 lacertos,

137 726 170 774 Et
180 728 243 776 circa
253 741 332 791 regem
343 735 414 789 etque
424 727 476 789 ipsa
486 727 516 773 ud
528 729 640 790 praetoria
649 729 730 778 densae
781 733 815 782 75

136 791 277 846 Miscentur,
288 792 425 855 magnisque
435 797 521 840 vocant
530 791 670 840 clamoribus
681 792 793 858 hostem.)

136 855 200 920 Ergo
212 857 260 912 ubi,
270 871 313 904 ver
322 864 398 905 nacte
410 857 495 903 sudum
505 871 646 921 camposque
657 866 772 922 patentes,

136 920 272 986 Erumpunt
282 923 362 985 portis,
374 921 535 981 concurritur3
551 923 639 969 aethere
649 923 675 970 in
687 923 734 972 alto

135 985 174 1033 Fit
184 987 279 1042 sonitus,
291 1001 402 1050 magnum
412 986 491 1033 mixtae
503 987 660 1050 glomerantur
670 987 696 1036 in
707 988 796 1045 orbern,

135 1050 319 1116 Praecipitesque
329 1052 424 1100 cadunt.
453 1051 510 1099 Non
521 1050 617 1098 densior
627 1051 681 1101 aire
693 1054 791 1117 grando,

136 1115 190 1165 Nec
200 1117 232 1165 de
242 1116 355 1165 concussi
364 1123 457 1164 tautum
468 1115 528 1180 pluit
537 1115 591 1163 ilice
602 1115 699 1180 glandis.
782 1121 813 1168 81

135 1178 187 1244 Ipsi
199 1197 241 1246 per
252 1182 341 1230 medias
351 1181 420 1236 acies,
430 1181 560 1245 insignibus
572 1180 621 1237 alis,

136 1243 249 1310 Ingentes
259 1247 350 1296 animos
360 1253 459 1310 angusto
470 1247 496 1294 in
511 1254 606 1310 pectore
617 1254 718 1303 versant,
751 1259 753 1266 ’

137 1311 218 1376 Usque
229 1313 290 1360 adeo
300 1311 381 1360 obnixi
392 1327 440 1359 non
451 1313 544 1368 cedere,
555 1313 612 1360 dum
624 1312 702 1376 gravis
713 1320 755 1360 aut
764 1314 815 1370 hos,

134 1374 186 1424 Aut
198 1378 240 1424 hos
250 1387 318 1425 versa
329 1377 386 1438 lugb
396 1377 472 1425 victor
482 1377 540 1423 dare
551 1384 618 1439 terga
629 1377 727 1440 subegit.
784 1380 815 1428 85

136 1439 170 1488 Hi
181 1449 257 1488 motus
268 1441 405 1493 animorum,
418 1447 488 1503 atque
498 1441 549 1488 baec
560 1440 689 1488 certamina
699 1447 773 1496 tanta,

135 1503 244 1551 Pulveris
254 1505 333 1568 exigui
330 1504 408 1613 ¹p‘actu
418 1517 544 1566 conpressa
553 1504 684 1566 quiescunt.

167 1568 266 1622 Verum,
278 1568 319 1614 ubi
347 1575 439 1614 uctores
450 1569 500 1614 acie
512 1568 657 1616 revocaveris
668 1568 745 1624 ambo,

135 1629 247 1680 Deterior
256 1632 298 1696 qui
307 1631 377 1687 risus,
388 1645 450 1685 eum,
461 1647 492 1679 ne
503 1632 615 1695 prodigus
626 1631 695 1687 obsit,

135 1694 206 1745 Dede
217 1697 285 1757 neci;
301 1697 384 1746 melior
392 1696 469 1744 racab
480 1697 530 1744 siue
541 1703 624 1760 regnet
633 1697 660 1743 in
671 1696 732 1745 aule.
782 1699 815 1747 90

134 1758 203 1809 Alter
214 1762 259 1810 erit
269 1762 366 1810 maculis
377 1775 434 1809 auro
445 1761 604 1824 squalentibus
618 1762 718 1823 ardens3

135 1824 200 1874 Num
209 1827 257 1875 duo
268 1834 323 1874 sunt
334 1841 435 1891 genera3
450 1827 489 1874 hic
500 1825 589 1880 melior,
599 1825 697 1888 insignis
707 1833 732 1875 et
743 1839 792 1883 ore,

135 1887 168 1936 Et
178 1893 254 1940 rutilis
265 1891 342 1940 clerus
352 1891 467 1955 sqnemia3
482 1890 521 1938 ille
531 1890 640 1937 horridus
651 1891 710 1938 alter

135 1953 244 2012 Desidib,
256 1956 374 2020 latamque
384 1957 479 2004 trahens
490 1953 602 2017 inglorius
613 1955 699 2004 alvum.

135 2017 171 2066 Ut
182 2019 244 2068 bine
255 2035 337 2084 regum
349 2022 428 2076 facies,
439 2022 472 2068 ita
481 2033 580 2083 corpora
592 2019 674 2082 plebis.
784 2023 815 2072 st

135 2081 246 2147 Namque
257 2085 309 2133 sliae
319 2093 401 2150 turpes
412 2087 508 2134 horrent
514 2103 522 2146 3
539 2099 591 2139 ceu,
602 2085 701 2149 pulvere
711 2086 742 2134 ab
753 2085 800 2134 ulto

135 2146 215 2204 Quum
226 2150 299 2205 veuit,
310 2157 335 2198 et
346 2151 407 2199 sicco
418 2159 504 2199 terram
515 2149 579 2214 spuit
591 2164 632 2197 ore
642 2151 719 2199 viator

134 2211 224 2262 Aridus
234 2233 241 2274 ;
251 2215 351 2264 elucent
361 2216 421 2270 alie,
432 2224 456 2264 et
467 2215 558 2279 fulgore
569 2225 701 2273 coruscant,

134 2275 254 2327 Ardentes
265 2295 330 2335 auro,
342 2289 366 2328 et
377 2281 472 2344 paribus
482 2281 524 2328 lits
534 2295 633 2342 corpora
644 2281 722 2346 guttis.

136 2341 197 2393 Herc
208 2345 285 2409 potior
296 2345 402 2406 suboles3
418 2346 474 2394 lrinc
485 2345 538 2394 coeli
547 2352 653 2408 ternpore
664 2352 728 2395 certo
769 2347 817 2392 100

135 2405 224 2458 Dulcia
234 2411 304 2460 mella
313 2425 421 2476 premea;
437 2425 482 2460 nec
492 2415 584 2457 tantum
595 2409 681 2467 dulcia,
692 2417 807 2475 quantum

136 2469 169 2519 Et
179 2472 276 2538 liquida,
287 2484 312 2525 et
320 2477 406 2524 durum
417 2476 507 2526 Bacchi
518 2474 636 2522 domitura
645 2491 760 2542 saporem.

169 2536 203 2585 At
214 2555 287 2602 quum
297 2543 388 2590 incerta
398 2541 485 2596 volant,
493 2540 598 2603 coloque
606 2543 716 2589 examina
723 2541 816 2598 ludunt,

136 2598 345 2674 Contemnuntque
355 2607 428 2666 t'aros,
439 2615 463 2657 et
474 2606 560 2672 frigida
569 2611 633 2656 tecta
644 2607 787 2674 relinquunt,
848 2649 853 2661 .
