1878 2930
125 109 157 158 58
296 102 503 154 eeonulcon
519 104 575 154 Lis.
587 102 625 153 ΙΙ.

124 227 218 292 Terque
228 233 356 303 quaterque
366 227 440 276 solum
447 227 610 284 scindendum,
621 227 735 291 glebaque
746 244 799 341 {er-

223 308 254 340 srs
274 297 280 312 ‘
767 297 799 342 99

126 357 254 406 AEternum
263 357 395 421 frangenda
404 357 552 419 bidentibus;
568 373 637 407 omne
647 357 774 407 levandum

126 423 220 472 Fronde
231 437 326 470 nemus:
342 423 404 471 redit
414 421 521 487 agricolis
528 422 594 472 labor
603 431 669 472 ectus
677 424 702 471 in
710 423 799 479 orbem,

126 487 207 552 Atque
217 487 243 534 in
253 503 279 536 se
289 503 332 536 sua
342 503 385 552 per
392 489 489 552 vestigia
499 487 600 536 volvitur
609 504 692 537 eunus.

126 551 164 598 Ao
172 552 224 615 jum
234 551 297 608 olim,
308 567 369 600 serus
380 554 458 616 posuit
467 569 540 618 quum
550 553 621 601 vines
631 555 734 607 frondes,

127 615 235 680 Frigidus
244 625 268 665 et
279 618 341 666 silvis
352 619 429 682 aquilo
440 619 541 666 decussit
551 619 679 680 honorem;
748 620 799 666 404

126 681 182 730 ,lem
192 689 242 728 tum
253 697 307 731 scer
317 697 384 731 cures
394 683 527 731 venientem
537 683 644 731 extendit
654 684 680 732 in
691 697 780 731 sunum

127 743 247 802 Rusticus,
258 755 283 796 et
292 763 364 796 curvo
375 747 469 796 Saturni
479 749 551 796 dente
560 747 666 798 relictam

126 808 278 875 Persequitur
287 813 359 862 vitem
369 813 507 868 adtendens,
517 813 631 876 fingitque
641 812 756 879 putando.

127 874 221 924 Primus
231 877 328 926 humum
338 877 420 933 fodito,
431 878 518 941 primus
529 879 629 926 devecto
638 885 741 928 merrom

128 939 258 998 Ser-mento,
269 951 294 992 et
303 942 376 990 vallos
387 942 474 1005 primus
485 943 528 991 sub
539 950 603 1012 teuta
612 943 714 1004 referto3

128 1004 263 1056 Postremus
273 1008 367 1055 metito:
384 1007 420 1054 bis
429 1007 517 1056 vitibus
527 1008 617 1069 ingruit
627 1008 711 1056 umbro
717 1025 725 1068 ;
751 1007 802 1055 410

129 1069 172 1118 Bis
183 1080 284 1134 segetem
295 1071 373 1119 densis
383 1071 507 1120 obducunt
515 1072 621 1120 sentibus
631 1073 718 1121 herbe.
858 1090 866 1096 “·

129 1135 210 1184 Durus
221 1149 318 1201 uterque
329 1136 401 1184 lebor.
429 1136 538 1185 Lundsto
547 1136 654 1200 ingeniis
663 1152 733 1186 rura:

129 1199 248 1264 Exiguum
258 1201 334 1250 colito.
363 1201 416 1250 Nee
426 1217 475 1250 non
485 1202 556 1252 etism
567 1216 650 1265 aspero
659 1201 722 1250 nisui

128 1264 226 1314 Vimine
236 1282 279 1330 per
289 1267 378 1321 silvam,
390 1274 414 1314 et
424 1267 482 1332 ripis
491 1267 592 1316 fluviolis
602 1267 694 1316 arundo

129 1328 243 1386 Creditur,
253 1332 380 1396 incultique
391 1341 485 1382 exercet
495 1347 552 1381 curo
562 1331 643 1379 salicti.
751 1329 801 1378 415

128 1395 184 1444 Jum
194 1395 280 1444 vinctae
290 1397 364 1456 vites3
376 1396 427 1460 jam
438 1398 522 1447 sulcem
533 1396 628 1444 srbuste
637 1401 769 1458 reponunt3

128 1460 183 1509 Jenr
194 1461 259 1508 canit
269 1468 384 1508 extremos
394 1461 478 1510 effetus
488 1460 574 1509 vinitor
584 1467 662 1506 antes:

129 1522 283 1574 Sollicitando
293 1533 373 1572 temen
384 1525 459 1582 tellus,
470 1525 590 1591 pulvisque
601 1522 744 1583 moveudns;

130 1588 164 1636 Et
169 1589 221 1652 jem
233 1589 329 1637 maturis
339 1591 478 1639 metuendus
488 1592 504 1641 J
505 1589 599 1652 uppiter
608 1586 666 1634 uvis.
752 1589 801 1638 419

163 1653 260 1710 Contra,
271 1670 318 1702 non
330 1655 378 1703 ullu
387 1664 423 1704 est
433 1657 489 1704 oleis
499 1654 603 1703 culturos
619 1667 697 1717 neque
706 1650 753 1700 ille

130 1717 276 1768 Procurveus
286 1729 422 1783 exspectent
432 1721 516 1768 falcem
526 1722 657 1781 restrosque
666 1725 770 1772 tenaces,

131 1784 211 1841 Quum
222 1785 293 1832 semel
304 1786 421 1835 heseruut
431 1784 499 1839 mois,
510 1796 623 1846 surasque
633 1782 746 1830 tulerunt.
799 1841 801 1850 γ

131 1848 189 1912 Ipse
199 1849 254 1896 satis
264 1850 340 1905 tellus,
349 1865 421 1913 quum
432 1850 503 1896 dente
512 1846 641 1894 recluditur
651 1862 721 1903 unco,

131 1912 221 1960 Sufficit
231 1915 359 1968 humorem,
371 1921 395 1961 et
404 1913 512 1976 gravidos
521 1927 576 1960 cum
585 1925 680 1960 vomere
690 1913 777 1976 fruges.

131 1977 184 2025 Hoc
194 1977 306 2040 pinguem
317 1987 341 2025 et
351 1977 460 2040 placitum
466 1975 523 2024 Peci
534 1975 634 2024 nutritor
643 1977 736 2025 olivam.
753 1975 803 2024 425

162 2041 238 2149 Pomrls
251 2056 351 2104 quoque,
370 2049 397 2088 ut
415 2041 516 2104 primunr
534 2049 629 2090 murcos
649 2057 742 2091 sensere
760 2055 802 2088 vrs-

235 2113 308 2159 entes,

132 2168 165 2216 Et
175 2167 236 2216 vires
247 2169 351 2217 habuere
361 2183 422 2224 sues,
432 2169 464 2217 ed
475 2170 553 2218 sidere
562 2185 590 2218 rs
606 2170 649 2219 tim

130 2233 165 2283 vi
176 2232 269 2296 proprii
280 2233 396 2288 nituntur,
407 2235 504 2300 opisqw
515 2236 579 2282 haud
590 2237 672 2300 indige
683 2243 777 2283 nosnae.

165 2298 218 2347 Nec
229 2297 305 2346 minus
314 2299 405 2348 intereo
415 2300 466 2348 fetu
476 2315 558 2350 nemus
569 2317 639 2348 omne
650 2299 773 2363 gravescit,

133 2362 317 2428 sanguineisque
327 2364 416 2412 inculte
425 2366 511 2413 rubent
521 2364 610 2412 solerie
620 2364 711 2412 buccis:
756 2364 806 2411 480

132 2428 271 2478 Tondentur
282 2429 358 2494 cytisi,
368 2429 442 2477 turdos
453 2429 511 2478 silve
521 2429 569 2476 ulte
579 2429 703 2482 ministret,

133 2490 313 2558 Poscunturque
322 2495 388 2560 ignes
399 2495 516 2549 nocturni,
527 2502 551 2542 et
561 2493 651 2542 lumine
661 2493 775 2540 fundunt.
789 2503 794 2508 '

135 2554 168 2602 Et
173 2557 284 2608 dubitant
293 2559 398 2609 homines
407 2573 491 2614 serere,
499 2566 569 2621 etque
575 2558 706 2622 inpendere
712 2555 809 2606 curem?

135 2619 200 2676 Quid
211 2624 302 2687 majore
312 2625 410 2692 muer?
427 2624 507 2674 salices
518 2623 663 2689 humilesque
673 2629 786 2688 geneum,
