1878 2930
275 118 482 171 GEORGICON
497 121 554 170 Lra.
566 119 618 170 111.
754 128 786 174 ⁷1

114 245 146 296 Et
157 259 196 292 ros
207 243 233 291 in
242 243 326 292 teneri
336 242 417 308 pecori
428 243 570 306 gratissimus
580 245 662 292 berbi.
738 250 786 296 326

113 311 185 366 Inde,
197 309 239 357 ubi
249 318 334 372 quarta
344 309 406 356 sitim
416 308 469 356 eseli
479 309 606 374 conlegerit
617 311 682 366 hors,

113 375 147 424 Et
157 383 232 423 cantu
241 375 345 439 querulae
355 381 466 436 rumpent
476 373 569 422 arbusta
578 375 674 432 cicade,

114 440 154 488 Ad
167 449 254 504 puteos
264 447 305 487 ant
315 439 363 486 alta
373 453 455 502 greges
465 438 496 486 sd
508 447 588 502 stagna
594 440 680 504 jubeto
794 486 799 498 ,

115 505 260 554 Currentem
270 503 347 567 ilignis
358 512 441 567 potare
451 503 571 552 canalibus
582 506 684 567 uudam;
740 507 789 554 330

115 570 226 620 AEstibus
236 576 262 616 at
271 569 353 618 mediis
363 568 496 616 umbrosam
507 569 627 632 exquirere
637 571 730 630 vallem,

116 635 199 684 Sicubi
210 649 297 696 magne
305 633 373 684 Joris
383 634 480 697 antiquo
490 633 574 680 robore
584 650 682 697 quercus

117 699 234 764 lugentes
244 700 326 746 tendat
336 713 420 755 ramos,
431 706 472 746 aut
482 697 557 746 sicubi
567 697 658 760 nigrum

117 765 219 814 Ilicibus
230 763 318 812 crebris
328 764 392 813 saort
402 779 485 812 nemus
496 763 598 810 adcubet
609 765 705 825 umbri3
741 769 791 816 334

117 830 180 878 Tum
192 837 275 877 tenues
286 829 344 876 dare
354 843 434 876 rursus
444 843 524 891 aquas,
535 836 559 876 et
570 841 666 890 pascere
675 845 754 879 rursus

118 894 179 943 Solis
188 895 221 941 sd
230 908 347 948 occasum,
357 909 430 958 quum
438 893 538 957 frigidus
549 893 605 940 adra
614 907 698 958 vesper

119 960 256 1022 Temperat,
266 967 291 1006 et
301 957 373 1006 saltus
383 959 458 1007 reficit
464 959 517 1023 jem
526 957 619 1005 roscida
629 957 694 1012 iuna,

120 1024 250 1098 Litoraque
261 1023 376 1086 slcyouen
387 1030 503 1079 resonant,
515 1022 665 1071 acalanthida
675 1023 747 1070 dumi.

120 1089 187 1147 Quid
198 1089 243 1136 tabi
253 1099 357 1151 pastores
368 1089 460 1151 Libyae,
469 1088 526 1152 quid
537 1101 626 1151 pascua
635 1103 704 1135 versu

120 1154 263 1215 Prosequor,
273 1159 298 1200 et
308 1152 367 1203 raris
377 1153 483 1200 habitata
492 1153 595 1216 mapalia
605 1153 687 1200 tectis?
746 1157 798 1201 340-

121 1218 193 1282 Saepe
203 1219 267 1264 diem
276 1224 424 1280 noctemque,
432 1225 457 1264 et
464 1223 539 1264 totum
550 1233 579 1264 ex
591 1217 674 1264 urdine
685 1231 796 1274 mensem,

122 1282 242 1337 Pascitur,
252 1282 316 1345 itque
327 1297 399 1345 pecus
410 1281 479 1344 longa
489 1281 515 1327 in
526 1282 620 1328 deserta
630 1281 680 1329 sine
690 1280 743 1330 ullis

124 1347 255 1410 Hospitiis:
272 1355 365 1394 mutum
376 1347 453 1410 campi
461 1347 533 1411 jacet.
561 1345 649 1394 Omnia
659 1361 739 1395 secum

124 1411 290 1461 Armentarius
300 1410 360 1459 Afer
371 1411 425 1476 agit,
436 1419 578 1476 tectumque,
589 1411 728 1476 Laremque,

124 1476 254 1540 Armaque,
264 1475 458 1541 Amyolaeumque
473 1493 564 1533 canem,
575 1475 729 1542 Cressamque
739 1479 798 1542 phe·

73 1556 74 1559 ’
222 1549 321 1588 tetram:
750 1545 799 1594 345

126 1605 185 1655 Non
197 1619 263 1654 secus
274 1621 301 1653 ac
312 1605 394 1669 patriis
405 1621 459 1654 acer
469 1607 592 1656 Romanus
602 1607 627 1654 iu
638 1608 708 1655 ermis

127 1670 223 1734 Injusto
234 1671 278 1717 sub
288 1671 352 1718 fasee
362 1671 424 1718 riam
435 1687 507 1735 quum
518 1671 602 1734 carpit,
613 1679 638 1718 et
648 1673 709 1719 hosti

127 1735 194 1784 Ante
205 1743 366 1798 exspectstnm
376 1736 456 1798 positis
467 1745 512 1784 stat
523 1737 548 1782 in
560 1735 652 1798 agmine
663 1735 752 1785 castris.

128 1799 163 1848 At
173 1814 230 1854 non,
242 1800 289 1862 qud
300 1799 402 1864 Scythiae
415 1809 503 1864 gentes,
514 1800 659 1862 Maeotiaque
670 1800 742 1855 unda,

127 1863 249 1912 Turbidus
260 1873 284 1912 et
294 1873 405 1928 torquens
415 1865 523 1914 flaventis
534 1865 615 1912 Hister
626 1877 716 1921 arenas,
753 1866 803 1917 350

130 1929 233 1992 Quique
243 1927 307 1977 redit
316 1930 419 1978 medium
429 1929 549 1993 Rhodope
560 1931 668 1992 porrecta
676 1931 719 1978 sub
728 1947 802 1982 axem.

130 1993 186 2042 Illic
196 1994 276 2041 clausa
286 2002 368 2042 tenent
379 1995 475 2043 stabulis
485 2003 605 2054 arments3
620 2007 697 2058 neque
707 1995 760 2046 uiiae

130 2057 183 2106 Aut
193 2059 273 2106 herbae
284 2075 367 2124 campo
378 2060 502 2123 adparent,
513 2067 554 2106 aut
564 2060 646 2108 arbore
658 2061 767 2111 frondes:

132 2121 181 2172 Sed
189 2123 255 2187 jacet
266 2124 390 2186 aggeribus
400 2123 474 2172 niveis
483 2124 590 2172 informis
600 2133 624 2172 et
635 2125 683 2172 sito

129 2187 205 2237 Terra
215 2187 271 2251 gelu
281 2189 336 2243 iate,
348 2196 482 2253 septemque
494 2189 598 2252 adsurgit
608 2189 635 2236 in
645 2189 731 2239 ninas.'
758 2193 806 2240 855

131 2252 232 2317 Semper
242 2253 325 2308 hiems,
337 2268 428 2317 semper
439 2253 553 2316 spirantes
563 2255 652 2318 frigore
662 2255 742 2304 Cauri.

130 2315 194 2366 Tum
205 2316 246 2365 Sol
257 2317 373 2381 pallentes
383 2319 448 2367 hand
459 2335 570 2384 umquam
581 2319 677 2367 discutit
689 2320 797 2378 umbras;

131 2383 188 2432 Nec
199 2396 273 2446 quum
284 2383 392 2432 invectus
405 2383 471 2448 equis
485 2383 559 2432 altum
574 2383 635 2448 petit
644 2385 734 2432 aetbera
741 2399 749 2443 3
764 2395 809 2432 nec

231 2462 305 2511 quum

131 2511 287 2576 Praecipitem
299 2511 391 2561 Oceani
401 2513 473 2562 rubro
481 2487 541 2563 'lavit
551 2525 646 2576 aequore
656 2523 759 2558 currum.

133 2577 300 2626 Concrescunt
311 2578 393 2626 subitae
405 2579 509 2626 currenti
519 2579 545 2626 in
556 2575 653 2623 flumine
664 2581 755 2628 crustae,

131 2642 257 2709 Uudaque
265 2643 317 2708 jam
327 2650 394 2708 tergo
405 2644 504 2692 ferratos
513 2641 614 2691 sustinet
623 2637 700 2692 orbes,
763 2639 811 2686 361
