1848 2934
143 147 176 194 38
321 139 529 195 GEORGIGON
546 141 602 192 Lss.
614 144 636 195 Ι.

143 270 246 332 Tempus
257 269 329 317 humo
339 275 427 331 tegere,
438 274 463 315 et
470 267 612 332 jamdudum
621 268 757 319 incumbere
769 286 822 322 ara·
910 253 911 268 ἵ

202 363 204 381 s
240 332 290 388 nil,
383 343 392 352 .-

146 401 212 449 Dum
223 398 284 446 sicci
295 397 378 446 tellure
388 395 451 452 licet,
462 397 519 445 dum
529 396 611 444 nubila
621 399 735 461 pendent.

145 465 210 514 Vere
221 463 280 511 fabis
291 463 365 524 satio;
380 469 431 510 tum
441 468 466 510 te
476 477 576 527 quoque,
587 462 693 519 Medica,
704 471 787 528 putres

147 528 278 592 Adcipiunt
288 528 353 584 sirici,
365 534 389 574 et
397 527 461 574 mitio
471 527 537 584 veuit
546 541 625 575 annua
636 543 708 589 cura3
774 535 824 584 216

148 593 271 643 Candidus
282 591 368 642 auratis
379 591 455 656 aperit
464 609 537 656 quum
548 593 657 640 cornibus
669 609 758 643 annum

148 659 247 713 Taurus,
258 665 282 705 et
293 659 390 706 adverso
401 657 487 705 cedens
498 657 571 705 Canis
582 657 669 706 occidit
678 667 748 707 astro.

149 723 183 770 At
193 723 213 770 si
224 723 338 770 triticeam
348 722 373 769 in
384 737 482 770 messem
493 721 634 787 robustaque
645 723 709 771 farra

150 787 278 836 Exercebis
288 789 393 842 humum,
403 787 502 852 solisque
511 787 609 836 instabis
619 787 710 851 aristis3
774 793 825 841 220
908 787 909 792 ¹

149 851 214 900 Ante
224 851 268 900 tibi
278 852 335 901 an
346 851 480 900 Atlantides
491 852 671 908 abscondantur,

150 916 285 982 Gnosiaque
296 915 400 966 ardentis
411 916 511 964 decedat
521 917 588 966 stella
598 917 706 972 Coronae,

150 981 239 1031 Debita
247 998 317 1048 quam
328 981 397 1030 sulcis
404 969 531 1028 'conmittes
541 980 637 1037 semina,
648 995 764 1046 quamque

151 1046 235 1095 Invita
247 1061 358 1112 properes
369 1045 425 1092 anni
436 1061 501 1110 spem
511 1047 607 1094 credere
617 1054 693 1094 terrae.

151 1112 225 1160 Multi
235 1120 290 1160 ante
301 1125 409 1160 occasum
420 1109 493 1158 Maia
504 1125 610 1175 coepere:
628 1111 668 1158 sed
680 1111 731 1158 iilos
774 1113 825 1164 225

152 1176 294 1240 Exspectata
305 1191 370 1239 seges
380 1175 447 1222 vanis
457 1173 525 1222 elusit
537 1175 619 1223 aristis.

152 1241 176 1289 Si
186 1257 243 1290 vero
253 1241 384 1304 viciamque
395 1255 456 1288 seres
466 1239 583 1302 vilemque
594 1239 700 1294 faselum,

151 1307 176 1354 N
178 1322 205 1354 ec
215 1307 343 1354 Pelusiacae
355 1319 435 1353 curam
446 1305 618 1368 adspernabere
628 1303 697 1352 lentis
706 1323 713 1366 ;
737 1311 738 1314 ’

152 1371 225 1418 Haud
237 1371 336 1419 obseura
345 1371 432 1419 cadens
443 1369 519 1417 mittet
529 1370 573 1417 tibi
584 1368 650 1432 signa
661 1369 754 1418 Bootes.

153 1434 245 1498 Incipe,
256 1443 280 1482 et
291 1436 321 1482 ad
331 1433 420 1482 medias
430 1441 557 1482 sementem
567 1435 669 1482 extende
680 1434 783 1498 pruinas.

185 1499 279 1548 Idcirco
290 1498 358 1546 certis
369 1497 499 1545 dimensum
510 1498 615 1561 partibus
625 1499 706 1547 orbem
777 1501 828 1552 231

153 1561 201 1611 Per
210 1563 321 1610 duodena
331 1562 390 1626 regit
401 1563 482 1610 muudi
493 1563 533 1611 Sul
544 1579 629 1612 aureus
640 1571 709 1612 astra

154 1627 265 1693 Quinque
274 1635 357 1676 tenent
368 1626 452 1676 coeium
463 1642 543 1689 zonae3
561 1643 660 1692 quarum
671 1643 719 1676 una
729 1643 831 1680 corusco

154 1691 252 1757 Semper
262 1693 310 1740 sole
321 1693 415 1749 rubens,
426 1700 450 1741 et
460 1693 550 1740 torrida
560 1709 652 1757 semper
662 1693 692 1740 ab
702 1692 767 1757 igni;

155 1758 233 1816 Quam
243 1758 332 1806 circum
343 1765 453 1806 extrema
464 1758 547 1806 dextri
557 1757 661 1823 laevique
671 1759 809 1814 trahuntur,
843 1802 844 1806 ,

155 1822 263 1872 Caeruled
272 1823 347 1886 glacie
357 1830 472 1872 concretas
483 1830 553 1887 atque
564 1822 675 1870 imbribus
686 1822 749 1870 atria
778 1827 833 1876 236

155 1887 206 1936 Has
216 1888 278 1936 inter
288 1888 436 1951 mediamque
446 1889 500 1936 dum
511 1886 646 1935 mortalibus
657 1887 726 1950 aegris

123 1981 124 1986 =
156 1953 259 2000 Munere
270 1967 384 2001 concessa
396 1952 489 2013 divdm;
504 1952 544 1999 via
555 1961 617 2000 secta
629 1967 672 2016 per
682 1953 771 2008 ambas,

156 2014 272 2080 Obliquus
283 2018 330 2080 qud
340 2033 365 2064 se
375 2017 492 2080 signorum
503 2025 604 2065 verteret
615 2017 681 2064 ordo.

139 2129 142 2136 ,
157 2081 264 2128 Mundus
275 2089 301 2130 ut
313 2083 343 2129 ad
355 2081 645 2147 Scythiam'Rhipaeasque
656 2082 744 2129 arduus
753 2095 825 2130 arces

157 2145 297 2209 Consurgit3
307 2146 420 2210 premitur
427 2147 510 2212 Libyae
516 2147 619 2194 devexus
625 2145 650 2192 in
658 2145 765 2195 Austros.
783 2151 838 2198 241

157 2209 205 2260 Hic
216 2218 298 2259 vertex
309 2211 377 2258 nobis
387 2226 479 2274 semper
490 2211 606 2259 sublimis:
624 2211 724 2258 stillum

157 2275 206 2324 Sub
217 2275 317 2340 pedibus
328 2276 386 2340 Styx
398 2283 449 2322 atra
460 2276 523 2324 videt
534 2277 667 2340 Manesque
677 2274 800 2340 profundi.

158 2341 287 2389 Maxumus
297 2339 336 2388 hic
346 2341 410 2388 flexu
420 2341 514 2388 sinuoso
525 2340 625 2389 elabitur
635 2339 728 2405 Anguis

158 2405 261 2462 Circum,
273 2420 361 2470 perque
372 2406 431 2452 duas
441 2406 466 2452 in
477 2421 565 2453 morem
576 2405 679 2452 fluminis
689 2404 785 2460 Arctus,

158 2470 243 2520 Arctos
254 2470 345 2519 Oceani
357 2477 486 2518 metuentes
496 2485 589 2535 equore
599 2471 690 2534 tinguit
786 2474 842 2522 246

159 2533 220 2591 Illic,
233 2545 259 2584 ut
270 2535 403 2600 perhibent,
415 2543 455 2582 aut
465 2536 607 2600 intempesta
617 2535 670 2583 silet
679 2549 736 2592 nox,

160 2597 256 2663 Semper
266 2609 291 2649 et
301 2599 398 2648 obtenti
409 2600 538 2655 densantur
548 2608 616 2649 nocte
624 2601 744 2649 tenebras
817 2597 820 2602 ’

162 2661 210 2713 tiu't
220 2665 281 2714 redit
292 2681 307 2712 a
316 2666 384 2714 uobis
395 2665 495 2722 Aurora,
510 2666 618 2731 diemque
629 2664 722 2716 reducit
728 2681 737 2727 ;
