1898 2934
327 109 486 161 AENEIDOS
503 113 558 161 Lrs.
572 112 592 159 l.
749 117 795 162 109

114 233 148 286 Si
159 247 232 296 genus
243 234 371 282 humanum
382 239 406 280 et
416 232 524 280 mortalia
531 233 635 281 temnitis
645 249 723 292 arma3

118 297 158 346 At
167 307 258 360 sperate
270 299 335 346 Deos
345 311 459 344 memores
469 295 534 343 fandi
545 305 615 362 atque
625 299 729 346 nefandi.

119 361 178 411 Rex
189 369 239 410 ertu
251 361 336 410 AEneau
345 360 420 416 uobis,
446 375 477 408 uo
484 361 570 424 justior
580 361 646 418 alter,

119 425 176 476 Nec
187 427 275 490 pietate
285 427 330 474 fuit
344 441 388 474 nec
398 375 460 474 bello
470 425 544 489 major
554 436 578 474 et
589 428 670 476 armis:
745 429 793 476 545

93 501 100 518 ·
120 492 201 548 Quem
213 491 232 538 si
243 492 292 538 iata
302 491 378 538 virum
388 497 490 544 sanant,
501 489 520 536 si
530 491 631 539 vescitur
641 493 697 540 auri

117 553 234 611 AEtberid,
245 569 322 620 neque
333 555 411 601 adbuc
421 552 555 602 crudelibus
566 556 666 605 occubat
676 557 771 611 umbris,

115 613 180 667 Non
191 629 275 674 metus,
285 619 361 668 officio
372 633 402 666 ne
413 626 437 666 te
448 619 545 666 certlsse
556 618 656 680 priorem

119 681 248 732 Poeniteat.
276 682 337 731 Sunt
346 691 370 731 et
380 681 465 732 Siculis
474 683 609 746 regionibus
619 685 697 740 urbes,

115 746 243 810 Arvaque,
252 748 401 811 Tbojanuque
412 763 426 796 a
436 747 549 810 sanguine
559 746 636 795 clarus
645 749 749 799 Acestes.

119 811 262 870 Quassatam
273 813 349 860 ventis
358 811 428 860 liceat
437 811 568 859 subducere
578 811 683 868 classem,
744 818 791 866 551

120 875 157 924 Et
166 875 230 924 silvis
240 883 321 940 aptare
330 877 418 931 trabes,
428 886 453 924 et
462 875 576 940 stringere
587 890 670 925 remos.

121 941 148 988 Si
158 941 230 990 datur
240 941 341 997 Italiam,
352 941 420 988 sociis
430 948 454 988 et
463 956 518 1004 rege
528 947 632 1004 recepto,

119 1004 237 1060 Tendere,
248 1014 275 1053 nt
285 1003 379 1054 Italiam
389 1005 437 1052 laeti
447 1005 587 1068 Latiumque
598 1012 711 1068 petamus.

120 1067 165 1116 Sin
175 1069 283 1118 absumta
293 1068 362 1125 salus,
372 1078 397 1117 et
407 1078 439 1124 te,
450 1078 517 1132 pater
527 1077 623 1133 optume
633 1069 757 1124 Teucrum,

120 1132 214 1182 Pontus
225 1135 296 1182 babet
306 1135 398 1198 Libya,
408 1148 452 1181 nec
464 1149 516 1196 spes
523 1133 575 1197 jam
585 1141 656 1182 restat
667 1133 729 1195 Iuli;
745 1135 792 1184 556

121 1198 157 1246 At
167 1199 229 1248 freta
239 1197 338 1246 Sicanias
349 1197 438 1252 saltem,
448 1199 560 1260 sedesque
569 1206 670 1260 paratas,

121 1261 195 1311 Unde
207 1264 254 1310 buc
265 1262 365 1316 advecti,
376 1275 499 1324 regemque
510 1269 617 1324 petamus
626 1264 737 1310 Acesten.

120 1327 219 1375 Talibus
229 1323 347 1374 Ilioneus:
363 1325 442 1374 cuncti
452 1325 520 1374 simul
531 1339 571 1374 ore
582 1325 714 1374 fremebant

120 1391 275 1440 Dardanide.
745 1391 794 1440 560

155 1455 216 1504 Turn
227 1454 329 1505 breviter
339 1453 412 1511 Dido,
422 1453 511 1502 voltum
522 1453 628 1510 demissa,
639 1455 759 1520 profatur:
784 1501 789 1508 ,

62 1531 64 1535 ’
122 1519 210 1569 Solvite
220 1523 291 1569 corde
301 1527 397 1574 metum,
406 1519 506 1580 Teucri;
521 1519 634 1570 secludite
644 1535 718 1569 curas.
784 1549 785 1552 =

122 1583 173 1634 Res
184 1586 251 1641 dura,
262 1595 287 1634 et
295 1585 362 1648 regni
372 1585 470 1640 novitas,
479 1600 517 1633 ine
526 1585 583 1632 talia
592 1593 681 1650 cogunt

121 1647 213 1705 Moliri,
223 1657 247 1698 et
256 1651 302 1698 late
314 1651 372 1698 fines
382 1649 478 1698 custode
488 1649 556 1698 tueri.
787 1692 788 1696 ,

123 1713 184 1772 Quis
193 1729 268 1778 genus
277 1713 416 1769 AEneudum,
425 1713 478 1777 quis
487 1713 565 1776 Trojae
576 1712 665 1760 nesciat
675 1711 765 1767 urbem,

122 1777 274 1843 virtutesque
284 1777 399 1842 virosque,
409 1786 450 1826 aut
460 1777 520 1824 tanti
530 1777 640 1824 incendia
648 1776 720 1824 belli?
743 1779 792 1826 566

122 1841 181 1892 Non
191 1843 275 1892 obtusa
284 1844 343 1890 adeo
354 1851 470 1906 gestamus
480 1848 577 1904 pectora
586 1839 669 1900 Poeni;

123 1907 149 1956 N
150 1923 177 1956 ec
188 1917 236 1956 tam
246 1923 339 1955 aversus
348 1921 420 1972 equos
430 1905 504 1970 Tyrii
514 1905 554 1953 Sol
561 1903 642 1968 jungit
652 1905 683 1952 ab
694 1903 759 1954 arbe.

121 1972 170 2020 Seu
180 1989 222 2020 vos
233 1972 371 2035 Hesperiam
380 1985 490 2034 magnam
500 1969 655 2034 Saturniaque
664 1983 729 2026 arva,
753 2007 754 2012 ,

123 2035 273 2098 SiveErycis
284 2037 341 2082 lines
351 2049 476 2100 regemque
487 2033 573 2100 optatis
583 2033 701 2094 Acestem
743 2034 792 2084 tto

121 2099 219 2149 Auxilio
229 2106 291 2147 tutos
302 2097 424 2155 dimittam,
434 2097 563 2162 opibusque
569 2098 667 2161 juvabo.

114 2161 203 2215 'Vultis
210 2172 234 2213 et
245 2163 281 2210 bis
292 2178 383 2210 mecum
393 2163 481 2227 pariter·
491 2163 613 2211 considere
623 2161 717 2226 regnis?

122 2230 212 2282 Urbem
223 2244 293 2295 quam
304 2236 388 2282 statuo,
398 2236 476 2275 vestra
485 2235 535 2288 est;
551 2226 674 2275 subducite
684 2240 773 2288 nares5

122 2293 180 2344 Tros
190 2295 321 2360 Tyriusque
332 2292 389 2339 mibi
399 2290 465 2338 nullo
475 2289 608 2339 discrimine
619 2299 708 2354 agetur.
779 2327 780 2330 ,

123 2359 203 2424 Atque
214 2361 304 2407 utinam
314 2373 356 2405 rex
367 2356 425 2420 ipse,
437 2355 502 2404 Noto
513 2355 638 2419 conpulsus
648 2355 740 2406 eodem,

86 2422 87 2425 ’
123 2424 224 2473 Adloret
233 2422 332 2474 AEneas!
350 2421 459 2486 equidem
470 2433 512 2484 per
522 2419 591 2466 litora
600 2426 675 2465 certos
729 2417 793 2466 ‚576
829 2465 830 2468 ,

124 2487 254 2542 Dimittarm
265 2495 290 2536 et
300 2487 383 2551 Libyae
394 2485 492 2531 lustrare
502 2491 607 2531 extrema
613 2478 718 2542 jubebo;

124 2551 150 2602 Si
160 2550 244 2612 quibus
254 2551 343 2615 ejectus
353 2549 416 2596 silvis
427 2554 468 2594 aut
477 2545 574 2594 urbibus
584 2548 660 2606 errat.¹
772 2603 774 2608 Ι

122 2621 124 2625 ’
157 2611 202 2664 His
213 2615 316 2664 animum
326 2607 502 2680 adrecti'dictis,
513 2617 537 2657 et
547 2605 614 2658 fortis
624 2603 727 2652 Achates

324 2680 326 2686 ’
590 2683 609 2716 a
