1898 2934
143 131 190 186 κο
271 187 272 190 ¹
332 123 496 190 ηΕΝΕΙΒΟὸ
513 127 570 176 Lra.
583 128 632 188 1v,

143 248 282 300 Pectoribus
292 248 386 298 inhians
396 250 510 314 spirantia
519 251 620 300 consulit
630 259 690 302 esta

143 313 199 362 Heu
210 322 290 362 vatum
300 313 388 377 ignaras
399 315 500 362 mentes!
513 316 570 378 quid
579 324 633 364 vota
641 318 763 374 furentem,
781 325 813 370 65

143 379 208 436 Quid
219 379 317 426 delubra
324 379 425 444 juvant?
442 379 486 426 Est
497 380 571 428 mollis
581 381 674 430 flamma
683 384 797 432 medullas

141 443 245 498 Interes,
252 449 276 490 et
287 445 383 491 taciturn
394 443 452 492 vivit
462 445 506 492 sub
516 453 610 508 pectore
622 448 712 498 volnus.
800 443 806 450 ’

141 507 225 556 Uritur
234 507 316 556 infelix
328 509 400 564 Dido,
411 508 506 571 totique
516 518 616 574 vagatur

140 571 207 621 Urbe
217 573 311 634 furens;
327 573 401 636 qualis
412 573 517 638 conjecti
528 591 597 624 cerva
607 576 696 640 sagittl,

141 636 219 694 Quam
230 637 310 700 procul
320 637 439 699 incautam
450 653 549 686 nemora
558 641 620 688 inter
632 641 713 690 Cresia
723 641 773 692 lixit

141 700 225 748 Pastor
236 717 307 766 agens
318 703 377 760 telis,
389 703 501 766 liquitque
512 705 605 753 volatile
617 707 704 754 ferrum
778 712 810 756 71

140 765 255 828 Nescius5
273 768 312 816 illa
323 769 379 834 sugb
390 769 458 814 silvas
468 768 585 832 saltusque
596 779 705 834 peragrat

140 829 258 893 DIctaeos3
275 833 348 882 haeret
359 832 425 882 lateri
435 832 509 880 letalis
520 834 618 882 arundo.
678 873 680 877 ,

139 893 167 942 N
167 911 214 946 unc
225 891 303 946 media
314 900 409 948 AEnean
419 913 497 945 secum
508 913 551 960 per
562 897 648 945 moenis
657 899 731 956 ducit,
766 939 771 959 ,

138 957 292 1026 Sidoniasque
303 971 403 1012 ostentat
413 977 477 1026 opes,
490 963 616 1026 urbemque
626 973 732 1027 paratam
737 983 746 1027 ς
778 967 810 1015 75

139 1023 229 1090 Incipit
238 1027 313 1084 effari,
324 1027 444 1091 mediique
453 1027 479 1073 in
489 1041 547 1074 voce
557 1027 649 1076 resistit.

137 1088 211 1138 Nunc
222 1093 313 1147 eadem,
324 1092 417 1140 labente
427 1091 474 1146 die,
485 1091 592 1140 convivia
602 1093 693 1156 quaerit,
712 1140 713 1146 ,
812 1141 815 1146 .

138 1153 270 1220 Iliacosque
281 1156 366 1204 iterum
376 1158 472 1204 demens
483 1157 565 1204 audire
575 1157 666 1206 labores

137 1218 259 1284 Exposcit,
270 1223 403 1286 pendetque
414 1221 498 1270 iterum
510 1222 626 1270 narrantis
637 1223 669 1270 ab
679 1239 726 1272 ore.
753 1250 757 1257 .

138 1283 203 1342 Post,
214 1287 257 1352 ubi
265 1285 369 1350 digressi,
379 1279 504 1352 lumenque
514 1287 613 1348 obscura
623 1288 724 1344 vicissim
740 1323 742 1330 ·
778 1292 815 1340 8⁰.

138 1347 209 1398 Luna
219 1351 311 1414 premit,
323 1353 466 1415 suadentque
477 1353 586 1400 cadentia
596 1353 674 1400 sidera
684 1367 783 1407 somnos,
811 1369 814 1379 ·

138 1412 272 1462 Sols·domo
284 1425 364 1464 maeret
374 1415 461 1472 vacuis,
468 1417 591 1478 stratisque
601 1417 687 1464 relictis
749 1459 756 1472 „

138 1477 247 1526 Incubet.
264 1479 336 1525 Illum
347 1480 429 1524 absens
437 1480 557 1532 absentem
568 1480 680 1542 auditque
691 1481 809 1543 videtque.

137 1540 189 1591 Aut
199 1542 287 1602 gremio
297 1541 432 1594 Ascanium,
443 1542 554 1606 genitoris
565 1542 666 1604 imagine
677 1553 754 1606 capta,
804 1579 812 1596 ¹.

137 1603 243 1658 Detinet,
254 1604 377 1652 infandum
389 1605 407 1650 si
419 1605 499 1651 fallere
510 1605 583 1667 possit
591 1602 700 1654 amorem.
776 1611 808 1657 85

137 1667 195 1716 Non
206 1676 287 1733 coeptae
299 1669 428 1732 adsurgunt
438 1677 512 1715 turres
519 1683 533 1729 ς·
543 1683 667 1718 ιιοιιέτωα
672 1671 787 1734 juventus
809 1691 812 1700 ·

137 1731 240 1782 Exercet
246 1751 254 1794 ;
270 1741 380 1798 portusve
390 1743 431 1782 aut
441 1733 618 1797 propugnacula
630 1735 690 1783 bello

135 1797 199 1848 ‘I'nta
210 1808 294 1864 parant
302 1800 429 1864 :pendent
440 1801 512 1862 opera
521 1799 660 1862 interrupta,
671 1801 787 1867 minasque

135 1862 261 1912 Mororum
272 1864 385 1928 ingentes,
396 1872 533 1929 oequatsqne
543 1865 652 1912 machina
662 1867 727 1914 ooelo.

168 1929 246 1986 Quam
257 1930 325 1992 simul
336 1947 363 1978 ac
374 1930 421 1994 tali·
426 1928 539 1993 persensit
551 1938 616 1992 peste
626 1932 703 1980 teneri
777 1935 811 1986 90,

136 1991 199 2039 Cara
208 1993 274 2040 Jovis
285 1995 397 2058 conjunx,
408 2010 452 2042 nec
464 1995 549 2042 samam
558 1993 651 2043 obstare
663 1997 744 2054 furori,
776 2047 779 2053 ,
807 2017 812 2024 ·

135 2055 231 2104 Talibus
242 2058 378 2120 adgreditur
388 2059 506 2108 Venerem
514 2057 624 2107 Saturnia
634 2061 716 2110 dictis:

135 2119 260 2183 Egregiasn
271 2121 326 2170 verb
337 2121 431 2172 laudem
443 2132 467 2172 et
478 2124 551 2189 spolia
562 2123 640 2187 ampla
651 2127 744 2176 refertis
809 2169 812 2176 .

134 2183 217 2250 Tuque
232 2201 336 2251 puerque
350 2195 404 2236 tuus
411 2205 420 2250 ς
435 2198 584 2254 magnumst
599 2191 748 2240 memorabile
762 2203 806 2236 uu·

231 2265 293 2306 men,
675 2265 677 2272 ’

134 2313 192 2364 Una
202 2315 255 2362 dolo
267 2291 483 2365 Divdmsifeniina
492 2318 555 2366 victa
566 2317 666 2364 duorum
676 2324 720 2366 est.
774 2318 807 2370 95
834 2309 840 2318 ’

135 2379 189 2428 Nec
201 2395 237 2429 me
249 2382 308 2430 adeo
319 2380 386 2435 fallit,
396 2382 494 2429 veritam
504 2390 528 2430 te
539 2379 624 2428 moenia
634 2389 721 2437 nostra,

135 2443 258 2509 Suspectus
270 2447 376 2500 habuisse
387 2445 467 2492 domos
479 2443 628 2506 Carthaginis
639 2445 699 2493 altas.

135 2507 183 2555 Sed
194 2511 244 2574 quis
255 2513 300 2560 erit
310 2511 405 2562 modus?
415 2519 455 2557 aut
463 2509 510 2573 qud
518 2523 581 2556 nunc
589 2510 717 2558 certamina
727 2509 806 2559 mute?

136 2571 201 2628 Quin
212 2576 289 2637 potius
297 2593 382 2642 pacem
392 2582 503 2626 sternam
515 2582 640 2638 pactosque
653 2575 797 2640 Hymessos

137 2633 294 2690 Exercemus?
313 2642 390 2699 habes,
401 2640 451 2688 toth
461 2641 524 2706 quod
536 2647 614 2688 mente
625 2641 721 2704 petisti:
760 2643 807 2700 ²00.

936 2463 941 2610 l

935 2625 941 2914 ι
