1888 2924
288 119 447 180 AEttntnos
463 119 520 178 Lus.
530 123 608 176 vm.
741 129 791 178 267.

120 239 238 304 Munera5
253 257 285 298 ne
294 259 349 294 ntor
360 249 401 290 aut
412 242 549 298 laurentes,
560 249 625 300 nate.
634 245 756 309 superbos,

120 304 172 353 Aut
182 322 258 356 sorem
269 307 362 356 dubites
372 308 398 356 in
409 306 491 371 proelia
501 321 597 370 poscere
605 307 720 359 Turnum.

120 368 197 426 Dixit,
208 379 232 420 et
242 374 363 437 amplexus
373 372 423 420 uati
434 371 554 436 Cytherea
563 371 661 435 petivit;
741 379 790 428 615

120 433 194 484 Arma
205 438 248 484 sub
258 438 356 486 adversi
367 435 444 500 posuit
454 436 571 486 radiantia
580 453 675 502 quercu.

120 498 166 548 Ille
176 501 234 560 Desa
245 503 314 552 donis
323 511 348 549 et
358 509 424 552 tanto
433 500 500 548 laetus
511 503 599 552 bonore

121 563 220 629 Expleri
231 568 320 630 nequit,
331 573 401 628 atque
412 565 491 614 oeulos
501 581 544 630 per
554 567 644 630 singula
653 567 735 626 volvit,

120 628 278 694 Miraturque,
289 632 396 694 interque
406 646 489 680 manus
499 641 523 680 et
534 631 630 680 braebia
638 642 716 684 versat
743 637 791 684 619

119 693 259 744 Terribilem
269 695 344 748 oristu
354 694 444 758 galeam
454 697 604 759 flaminesque
614 707 755 756 venialem,

121 757 296 824 Fatiferumque
306 775 392 816 ensem,
402 759 498 810 loricato
509 777 538 810 ex
549 775 596 808 ere
606 761 727 824 rigentem,

122 821 287 886 Sanguineam,
298 825 426 890 ingentem,
436 826 518 889 qualis,
528 841 601 890 quum
611 827 697 879 serula
707 827 782 878 nubes

123 885 183 935 Solis
193 888 318 942 inardescit
328 890 407 945 radiis,
418 890 534 956 longeque
544 890 660 954 refulget;

121 951 182 1004 Tou
193 954 256 1004 leves
266 971 345 1006 ocreas
354 955 441 1006 electro
452 969 554 1020 auroque
565 963 665 1010 reoooto,

122 1015 276 1084 Heriumque,
287 1029 311 1070 et
322 1020 391 1084 clipei
402 1035 450 1068 uon
461 1019 592 1070 enarrabile
604 1029 700 1070 textum.
745 1021 793 1072 665

122 1080 176 1130 Illic
188 1099 225 1131 res
236 1085 309 1139 Italas
320 1085 525 1149 Romanorumque
535 1085 672 1148 triumphos,

123 1145 197 1194 Haud
208 1158 288 1210 ratum
298 1150 392 1214 ignarus
400 1151 538 1214 venturique
549 1149 635 1198 inscius
645 1148 699 1206 srvi,

124 1209 223 1259 Fecerat
233 1213 381 1277 ignipotens;
396 1214 443 1264 illio
453 1229 526 1276 genus
537 1229 606 1263 ornne
617 1215 702 1264 future

124 1272 208 1338 Stirpis
219 1277 249 1326 ab
260 1279 370 1333 Ascanio,
382 1287 531 1342 pugnataque
542 1278 567 1325 in
579 1278 661 1329 ordine
671 1278 740 1328 bella.

124 1338 223 1394 ueoent
232 1351 257 1392 et
267 1342 337 1392 viridi
348 1343 420 1392 ietatn
432 1342 547 1396 Mavortis
557 1343 583 1390 in
594 1349 661 1392 antro
746 1345 795 1394 680

124 1401 280 1456 Procubuisse
290 1407 384 1472 inparue
400 1407 505 1471 genuinos
515 1406 570 1458 huie
581 1407 653 1456 ubera
663 1407 751 1458 oircurn

124 1468 219 1518 Ludere
229 1473 360 1535 pendentes
371 1487 463 1536 pueros,
472 1481 495 1521 et
506 1472 609 1520 lambere
620 1479 718 1522 matrem

125 1533 268 1600 Inpavidos3
284 1537 348 1588 iilam
359 1537 428 1588 tereti
438 1538 528 1588 cervioe
539 1537 650 1588 reflexam

124 1598 233 1654 Muloare
242 1603 351 1659 alternos,
362 1609 386 1652 et
395 1618 494 1668 corpora
503 1603 591 1667 tingere
601 1602 686 1668 lingui.

124 1664 179 1716 Neo
194 1668 275 1779 prgoul
291 1668 347 1718 bino
361 1667 471 1725 Romam,
486 1675 510 1718 et
524 1675 604 1732 raptas
618 1668 668 1716 sine
679 1681 743 1716 inore
752 1665 795 1782 ⁵³⁸3

236 1733 288 1782 inas
746 1737 762 1782 6

124 1791 240 1845 Consessu
251 1813 338 1853 osvero.
348 1797 438 1861 magnis
449 1795 597 1846 Circensibus
608 1794 674 1849 actis,

124 1857 266 1918 Addiderat,
276 1861 399 1926 subitdque
409 1877 497 1911 novum
507 1873 647 1922 consurgere
657 1857 744 1910 bellun

125 1921 266 1981 mantus,
275 1925 390 1990 Tatioque
400 1925 458 1980 seni,
469 1923 617 1987 Curibusque
627 1924 720 1972 severis.

126 1985 186 2037 Post
196 1987 269 2044 idem,
279 1989 340 2040 inter
351 2005 375 2038 se
386 1989 462 2053 ponto
472 1989 607 2044 cummim,
617 2002 684 2052 reges

125 2050 218 2100 &mati
229 2053 295 2102 Joris
305 2061 360 2105 aute
370 2069 443 2110 aram,
453 2061 591 2118 pastusque
601 2059 715 2110 tenentes,
747 2055 796 2104 640

127 2115 234 2173 Stabant,
243 2125 270 2166 et
278 2117 339 2166 oeeb
346 2118 480 2184 jungebant
490 2118 580 2168 foedera
590 2119 668 2182 perot„

127 2181 200 2233 Haud
212 2183 293 2246 procul
303 2183 368 2239 inde,
377 2183 430 2232 citas
442 2183 534 2234 Motum
542 2183 568 2234 in
576 2183 669 2232 diversa
676 2181 795 2246 quadriga

127 2245 276 2298 Distulerant
286 2247 324 2312 (at
335 2254 361 2296 tu
372 2247 449 2303 dictis.
459 2247 560 2304 Albaue,
571 2247 712 2310 maneresl),

127 2309 297 2378 Raptabatque
308 2311 352 2360 riri
363 2313 481 2361 mendacis
490 2312 579 2360 risoera
588 2311 671 2361 Tullus

128 2376 176 2425 Per
187 2377 276 2435 silvern,
286 2385 310 2426 et
321 2377 393 2442 sparsi
404 2378 514 2430 rorabant
522 2377 634 2441 sauguine
641 2388 731 2438 uepres.
749 2376 797 2424 645

127 2440 154 2490 N
155 2457 182 2490 ec
192 2458 239 2490 non
248 2443 401 2510 Tarquinium
411 2443 512 2510 ejectum
523 2442 627 2490 Porsena
632 2439 733 2504 jubebat

128 2503 255 2572 Adcipere,
265 2509 401 2575 ingentique
411 2510 493 2558 urbem
503 2507 625 2557 obsidione
635 2503 770 2568 premebatj

128 2566 241 2622 AEneods
251 2569 278 2624 in
287 2575 375 2626 ferrum
385 2591 428 2640 pro
438 2574 547 2626 libertate
556 2571 664 2622 ruebant.

764 2783 920 2896 Α
