1888 2924
298 99 458 158 AENEIDOS
475 101 532 150 Lm.
541 102 617 154 VIII.
746 109 795 158 253

126 224 166 273 sot
177 225 278 283 medium
289 221 341 274 cccli
351 223 519 271 conscenderat
528 222 610 287 igneos
619 225 707 284 orbem,

127 289 205 347 Quum
217 305 293 337 muros
303 303 425 350 arcemque
436 288 552 350 proculae
562 305 615 336 ross
625 291 745 338 domorum
772 341 774 346 ,

124 354 198 412 Tecta
208 353 289 402 vident
295 373 303 415 ς
318 369 369 417 quae
381 367 444 399 nunc
455 352 564 400 Romane
574 353 680 416 potentis
687 355 745 406 coelo

125 412 247 482 AEqusvit:
265 427 315 466 tum
325 433 362 466 res
369 418 451 480 inopes
462 417 586 464 Evandrus
596 419 705 468 habebat.
745 425 792 470 100

126 481 199 531 Ocius
208 485 333 531 advertunt
343 497 431 546 proras,
442 480 538 545 urbique
549 483 713 548 propinquant.

158 549 228 610 Forte
239 549 278 595 die
288 547 413 594 solemnem
423 545 464 592 ilio
474 561 516 592 rex
527 545 600 594 Arcus
611 549 723 598 bonorem

126 609 345 676 Amphitryoniadae
357 625 440 672 magno
451 609 565 672 Divisque
576 612 666 660 ferebat

125 676 191 725 Ante
202 678 283 724 urbem
294 677 318 722 in
329 676 388 722 luco.
416 674 493 722 Pullus
503 675 559 722 huic
569 675 629 723 filius
639 678 696 734 uui,
746 683 794 729 104

126 741 183 790 Uni
194 757 274 788 omnes
281 740 396 805 juvenum
406 739 482 802 primi,
493 754 628 804 pauperque
639 751 740 798 senatus,

126 799 191 853 Tura
201 805 303 866 dabant5
318 804 457 868 tepidusque
467 819 537 852 cruor
547 804 652 853 fumabat
662 807 692 854 sd
703 823 761 856 arcs.

127 868 162 918 Ut
172 869 244 918 celsas
252 870 333 918 videre
342 877 411 922 rates,
421 879 490 931 atque
501 869 562 916 inter
572 884 672 932 opacum

127 933 215 982 Adlabi
226 951 315 990 nemus,
325 943 349 982 et
358 933 435 981 tacitis
445 933 580 982 incumbere
590 935 667 991 remis,

127 999 255 1048 Terreutur
264 1000 315 1046 visu
326 999 411 1052 subito,
421 998 545 1061 cunctique
554 997 641 1048 relictis
726 1027 731 1038 ·
747 1006 795 1052 109

129 1063 279 1126 Consurgunt
289 1063 384 1112 mensis:
401 1063 478 1109 audax
488 1079 546 1126 quos
556 1079 665 1127 rumpere
675 1064 754 1116 Pallas

129 1126 201 1175 Sacro
210 1136 282 1182 vetat,
292 1136 406 1190 raptoque
416 1125 479 1172 volnt
489 1127 535 1173 telo
545 1128 627 1176 obvius
636 1130 701 1193 ipse3

129 1191 162 1238 Et
173 1192 254 1254 procul
265 1208 279 1239 e
289 1191 392 1238 tumulo:
407 1190 423 1239 J
426 1205 519 1245 uvenes,
528 1206 580 1253 quae
591 1209 672 1242 caussa
682 1196 774 1259 subegit

130 1254 227 1318 Ignotus
238 1264 328 1302 tentore
338 1255 402 1302 viss?
419 1253 465 1316 qud
476 1255 585 1302 tenditis?
601 1256 683 1320 iuquit.

131 1319 179 1377 Qui
192 1320 281 1384 genus?
302 1319 366 1366 unde
380 1319 464 1366 domo?
485 1334 597 1380 pacemne
614 1322 660 1370 huc
677 1322 751 1379 fertis,
766 1339 797 1372 an

226 1384 305 1432 mma?

128 1447 190 1496 Tum
201 1457 268 1512 poter
279 1447 364 1496 AEneas
375 1446 451 1512 puppi
462 1447 495 1496 sic
506 1448 569 1496 intur
579 1449 609 1496 ab
621 1448 673 1506 alst,
750 1457 797 1504 115

130 1512 289 1578 Paciferaeque
300 1528 371 1560 manu
381 1527 471 1560 romum
482 1514 607 1576 pretendit
616 1513 697 1566 olivae:

129 1578 275 1642 Trojugenns
285 1594 312 1626 sc
323 1578 370 1626 tels
379 1577 446 1625 vides
455 1577 549 1627 inimica
560 1579 664 1643 Latinis;

130 1643 196 1701 Quos
207 1644 240 1692 iili
250 1643 311 1692 bello
322 1643 433 1706 profugos
443 1657 512 1708 egere
522 1646 629 1709 superbo.

130 1707 268 1758 Evandrum
279 1709 384 1772 petimus.
413 1707 482 1755 Ferte
492 1708 551 1762 haec,
562 1716 586 1755 et
596 1708 667 1756 dicite
677 1708 748 1758 lectos

131 1773 259 1822 Dardaniae
270 1773 360 1821 venisse
371 1773 450 1832 duces,
461 1771 524 1818 socia
534 1787 598 1818 arma
608 1779 723 1833 rogantes.
751 1781 799 1826 120

131 1838 260 1900 Obstupuit
270 1844 335 1886 tanto
346 1851 468 1898 percussus
478 1834 572 1882 nomine
582 1834 672 1884 Pullus:

132 1901 252 1963 Egredere
263 1918 285 1956 o,
296 1901 435 1964 quicumque
446 1914 478 1952 es,
489 1898 529 1952 ait,
540 1913 663 1961 coramque
674 1911 794 1963 parentem

132 1965 276 2026 Adloquere,
286 1980 313 2012 ac
324 1963 407 2010 uostris
418 1963 517 2010 succede
527 1962 650 2024 penatibus
661 1966 751 2030 hospes.

133 2027 280 2092 Excepitque
291 2044 369 2082 noenu,
379 2027 530 2090 dextramque
542 2028 661 2091 amplexus
671 2028 770 2082 inhesit.

134 2091 255 2156 Progressi
265 2092 365 2140 subeunt
375 2091 435 2146 luco,
443 2090 585 2156 fluviumque
596 2093 737 2158 relinquunt.
755 2104 802 2152 125
856 2142 859 2148 ,

166 2159 227 2206 Tum
237 2171 316 2220 regem
327 2153 413 2202 AEuess
423 2154 491 2202 dictis
502 2156 595 2204 adfatur
606 2159 699 2208 amicis:

134 2223 239 2288 Optume
251 2219 420 2283 Graiugenum,
430 2221 469 2267 cui
479 2237 517 2269 me
528 2222 622 2270 fortune
632 2217 732 2288 precati,

135 2289 168 2340 Et
178 2287 237 2334 vius
248 2295 336 2334 comtos
346 2285 419 2333 voluit
430 2287 575 2349 praetendere
586 2303 675 2349 ramos5

135 2353 192 2402 Non
211 2352 320 2466 eqffidem
339 2349 443 2405 extimui,
462 2349 572 2400 Dansiim
590 2353 654 2417 quod
673 2353 764 2413 ductor,
780 2364 805 2402 et

266 2432 312 2472 cas,
759 2424 806 2470 12⁹

137 2479 253 2544 Quodque
264 2481 293 2528 ab
301 2478 373 2543 stirpe
382 2478 442 2527 sores
450 2479 548 2543 geminis
555 2479 695 2542 conjunctus
703 2479 805 2546 Atridis3

136 2543 184 2592 Sed
196 2559 247 2592 men
257 2542 295 2593 sne
304 2543 385 2600 virtus,
396 2552 420 2591 et
430 2554 511 2593 sancto
520 2543 614 2592 oracula
624 2541 719 2602 Divdm,

112 2668 115 2674 Ι
138 2607 288 2672 cognatique.
295 2615 380 2674 potres,
390 2616 432 2656 tus
442 2609 509 2656 terris
519 2607 595 2670 diditn
604 2607 675 2666 fame,
721 2669 724 2674 1

603 2685 617 2720 z
687 2681 690 2690 .
