1878 2930
277 79 483 154 duoncrcou
501 74 621 152 naui.
754 91 789 153 ἀπ’·

108 228 239 294 Primaque
248 227 341 274 ferratis
350 225 477 290 praefigunt
486 241 527 274 ora
534 226 648 290 capistris.

109 295 182 354 Quod
193 299 304 356 surgente
312 291 352 339 die
361 291 460 339 mulsere
469 291 576 355 horisque
586 287 684 345 diurnis,
738 295 787 340 400

107 362 190 411 Nocte
202 365 328 422 premunt;
343 357 407 419 quod
415 356 466 419 jam
477 356 579 403 tenebris
589 365 613 404 et
623 356 670 404 sole
679 355 787 412 cadente.

107 425 161 474 Sub
171 425 250 470 lucem
260 427 386 484 exportans
395 419 493 468 calathis
504 419 552 466 adit
563 421 652 486 oppida
662 428 741 486 pastor
747 441 755 484 ;

108 489 162 539 Ant
171 502 245 552 parco
255 486 303 533 sale
314 485 461 547 contingunt,
473 484 588 547 hiemique
598 493 722 551 reponunt.

144 554 170 603 N
171 569 201 602 ec
208 551 252 599 tibi
261 565 319 598 cura
326 564 411 598 canurn
422 549 495 596 fuerit
504 557 632 611 pomieno:
648 552 690 599 sed
701 567 749 599 una

108 619 214 668 Velocea
222 616 313 680 Sparta
324 613 413 660 mullos
423 627 547 676 acremque
555 612 684 662 Molossum
739 620 788 667 405

108 683 187 732 Pasce
198 679 347 743 seropingui.
374 678 510 742 Numquam
520 677 654 727 custodibus
663 679 708 728 illis

110 747 266 797 Nocturnum
275 742 370 790 stabulis
378 743 461 797 fertem,
470 742 623 805 incursusque
633 744 749 807 lnporum,

109 812 163 860 Ant
173 812 295 873 inpacatos
306 825 321 854 a
328 815 394 870 tergo
403 807 509 854 horrebis
518 805 626 855 Hiberos.

111 877 183 940 Saepe
193 874 264 922 etiam
273 887 343 921 cursu
354 871 448 918 timidos
456 870 555 934 agitabis
563 885 669 934 onagros,

110 941 146 989 Et
156 939 255 990 canibus
262 938 374 1002 lepordn,
384 936 482 984 canibus
492 935 609 983 venabere
619 937 707 986 damas.
740 944 787 989 410

110 1005 182 1068 Saepe
191 1002 319 1052 volutabris
329 1000 407 1064 pulsos
415 1000 557 1060 silvestribus
566 1015 636 1064 apros

112 1071 214 1118 Latratu
223 1067 328 1116 turbabis
339 1080 417 1130 agens,
428 1074 563 1129 montesque
573 1081 617 1130 per
626 1064 685 1114 altos

112 1134 241 1198 Ingentem
250 1131 351 1180 clamore
361 1145 452 1193 premes
462 1129 493 1178 ad
500 1129 560 1178 retia
568 1145 671 1179 cervum.

148 1199 221 1247 Disce
232 1205 256 1244 et
263 1197 385 1244 odorruum
395 1194 491 1241 stabulis
501 1195 632 1244 adcendere
642 1196 746 1253 cedrum,

112 1261 285 1324 Galbaneoque
295 1261 383 1323 agitare
392 1273 474 1321 graves
484 1258 566 1306 nidore
576 1260 707 1324 chelydros
739 1265 789 1313 415

113 1327 185 1391 Saepe
193 1327 237 1374 sub
247 1325 340 1374 inmotis
349 1324 493 1388 praesepibus
501 1331 542 1370 aut
551 1323 612 1372 mela
619 1333 685 1374 tactu

114 1392 207 1456 Vipera
214 1389 314 1445 delituit,
324 1390 454 1452 coelumque
463 1387 573 1437 exterrita
580 1389 642 1454 fugit
647 1408 655 1452 5

114 1458 167 1504 Aut
177 1463 239 1505 tecto
249 1456 358 1504 adsuetus
364 1454 459 1503 coluber
469 1453 594 1502 succedere
602 1463 627 1502 et
635 1456 732 1514 umbre,
790 1487 792 1492 .
822 1495 827 1504 .

115 1520 193 1570 Pestis
203 1520 288 1569 acerba
295 1520 374 1574 boum,
383 1520 507 1584 pecorique
515 1519 654 1584 adspergere
663 1523 734 1578 virus,

116 1586 186 1634 Fovit
193 1586 298 1634 humum.
315 1584 382 1648 Cape
391 1599 446 1631 saxa
453 1600 531 1639 manu,
539 1599 598 1648 cape
605 1587 695 1644 robora,
704 1595 789 1652 pastor,

115 1649 291 1714 Tollentemque
299 1649 374 1696 ruinas
384 1657 408 1696 et
418 1649 486 1696 sibila
495 1648 555 1696 colla
562 1657 692 1699 tumentem
739 1658 788 1702 421

117 1715 218 1780 Dejice;
229 1715 327 1782 jamque
338 1713 395 1778 fugb
401 1713 508 1761 timidum
517 1720 589 1775 ceput
599 1714 690 1763 abdidit
699 1715 754 1772 alte,

117 1778 197 1836 Quum
207 1778 278 1827 medii
288 1793 362 1826 nexus
369 1785 526 1842 extremaque
532 1777 626 1839 agmina
634 1777 717 1826 caude
787 1791 790 1800 ’

117 1843 251 1899 Solvuntur,
259 1845 384 1907 tardosque
392 1842 464 1890 trabit
473 1842 538 1889 ainus
548 1840 642 1889 numus
650 1842 725 1892 orbes.

118 1908 162 1957 Est
172 1910 242 1957 etiam
251 1908 290 1956 ille
298 1908 373 1955 malus
383 1906 490 1958 Calabris
496 1905 522 1952 in
531 1904 627 1954 saltibus
637 1909 727 1971 anguis,
742 1913 793 1960 425

118 1972 235 2038 Squama
243 1974 385 2021 convolvens
394 1971 485 2020 sublato
495 1977 589 2034 pectore
598 1976 671 2035 terga,
686 1987 689 1994 ¹

118 2038 199 2102 Atque
208 2037 269 2086 notis
279 2037 372 2101 longam
381 2036 512 2084 maculosus
521 2034 649 2098 grandibus
658 2038 750 2101 alvum;
788 2032 790 2038 ’

120 2103 178 2162 Qui,
187 2104 245 2150 dum
255 2117 336 2150 arunes
344 2100 385 2149 ulli
395 2108 538 2164 rumpuntur
547 2099 658 2158 fontibus,
668 2111 693 2152 et
702 2105 760 2152 dum

119 2169 184 2216 Vere
195 2168 292 2214 madent
302 2168 348 2214 udo
358 2174 427 2214 tertae
437 2181 465 2213 ac
476 2164 616 2230 pluvialibus
623 2168 713 2224 amnis,
744 2172 794 2218 429

121 2232 210 2295 Stagna
220 2231 291 2292 colit3
306 2232 408 2296 ripisque
418 2230 533 2284 habitans,
544 2229 583 2278 hic
595 2231 698 2294 piscibus
708 2240 783 2280 atram

120 2297 150 2344 In
153 2297 239 2360 probus
244 2295 374 2358 ingluviem
383 2295 491 2358 ranisque
500 2294 635 2358 loquacibus
643 2295 730 2360 explet.

121 2360 249 2424 Postquam
256 2368 340 2408 exusta
349 2359 415 2424 palus
422 2368 537 2424 terraque
547 2360 631 2409 ardore
638 2361 771 2415 debiscunt,

122 2425 207 2474 Exsilit
217 2425 242 2472 in
252 2425 347 2479 siccum,
358 2432 382 2472 et
390 2425 533 2472 flammantia
541 2425 629 2472 lumina
637 2433 748 2487 torquens

122 2489 196 2539 Sevit
206 2490 275 2552 agris,
285 2504 397 2553 asperque
408 2490 446 2536 siti
456 2498 525 2553 atque
535 2489 659 2536 exterritus
666 2496 730 2534 estu.

122 2555 164 2605 Ne
173 2554 232 2602 milri
243 2562 294 2601 turn
301 2553 381 2602 molles
391 2554 434 2601 sub
444 2554 500 2600 divo
507 2565 604 2616 carpere
614 2565 714 2605 somnos,
749 2557 799 2604 435

122 2619 180 2670 Neu
190 2619 260 2668 dorso
268 2619 370 2668 nemoris
380 2619 452 2668 libeat
458 2618 560 2684 jacuisse
570 2631 613 2680 per
623 2615 714 2673 herbas,

590 2695 607 2726 Η
