<?xml version="1.0" encoding="UTF-8"?>
<!DOCTYPE html PUBLIC "-//W3C//DTD XHTML 1.0 Transitional//EN"
    "http://www.w3.org/TR/xhtml1/DTD/xhtml1-transitional.dtd">
<html xmlns="http://www.w3.org/1999/xhtml" xml:lang="en" lang="en">
 <head>
  <title>
</title>
<meta http-equiv="Content-Type" content="text/html;charset=utf-8" />
  <meta name='ocr-system' content='tesseract 3.04.00' />
  <meta name='ocr-capabilities' content='ocr_page ocr_carea ocr_par ocr_line ocrx_word'/>
</head>
<body>
  <div class='ocr_page' id='page_1' title='image "./opera00heyngoog/opera00heyngoog_0317.png"; bbox 0 0 1882 2924; ppageno 0'>
   <div class='ocr_carea' id='block_1_1' title="bbox 127 131 608 202">
    <p class='ocr_par' dir='ltr' id='par_1_1' title="bbox 127 131 608 202">
     <span class='ocr_line' id='line_1_1' title="bbox 127 131 608 202; baseline -0.017 -8"><span class='ocrx_word' id='word_1_1' title='bbox 127 147 179 202; x_wconf 74' lang='lat' dir='ltr'>eor</span> <span class='ocrx_word' id='word_1_2' title='bbox 327 131 492 188; x_wconf 70' lang='lat' dir='ltr'>mnnrnos</span> <span class='ocrx_word' id='word_1_3' title='bbox 507 133 608 186; x_wconf 61' lang='lat' dir='ltr'>nen</span> 
     </span>
    </p>
   </div>
   <div class='ocr_carea' id='block_1_2' title="bbox 131 259 830 2710">
    <p class='ocr_par' dir='ltr' id='par_1_2' title="bbox 131 259 686 325">
     <span class='ocr_line' id='line_1_2' title="bbox 131 259 686 325; baseline -0.005 -13"><span class='ocrx_word' id='word_1_4' title='bbox 131 265 169 314; x_wconf 86' lang='lat' dir='ltr'>Ut</span> <span class='ocrx_word' id='word_1_5' title='bbox 176 261 238 312; x_wconf 78' lang='lat' dir='ltr'>vidit</span> <span class='ocrx_word' id='word_1_6' title='bbox 246 261 335 324; x_wconf 77' lang='lat' dir='ltr'>socios3</span> <span class='ocrx_word' id='word_1_7' title='bbox 349 261 451 325; x_wconf 82' lang='lat' dir='ltr'>Tempus</span> <span class='ocrx_word' id='word_1_8' title='bbox 462 259 573 308; x_wconf 81' lang='lat' dir='ltr'>desistere</span> <span class='ocrx_word' id='word_1_9' title='bbox 584 270 686 324; x_wconf 63' lang='lat' dir='ltr'>pugne}</span> 
     </span>
    </p>

    <p class='ocr_par' dir='ltr' id='par_1_3' title="bbox 134 325 807 776">
     <span class='ocr_line' id='line_1_3' title="bbox 134 325 807 392; baseline -0.009 -15"><span class='ocrx_word' id='word_1_10' title='bbox 134 329 201 378; x_wconf 85' lang='lat' dir='ltr'>Solus</span> <span class='ocrx_word' id='word_1_11' title='bbox 212 345 255 392; x_wconf 85' lang='lat' dir='ltr'>ego</span> <span class='ocrx_word' id='word_1_12' title='bbox 266 330 291 375; x_wconf 89' lang='lat' dir='ltr'>in</span> <span class='ocrx_word' id='word_1_13' title='bbox 302 327 411 375; x_wconf 69' lang='lat' dir='ltr'>Pallante</span> <span class='ocrx_word' id='word_1_14' title='bbox 420 327 498 386; x_wconf 80' lang='lat' dir='ltr'>feror;</span> <span class='ocrx_word' id='word_1_15' title='bbox 511 325 555 372; x_wconf 79' lang='lat' dir='ltr'>soli</span> <span class='ocrx_word' id='word_1_16' title='bbox 566 325 624 372; x_wconf 84' lang='lat' dir='ltr'>milri</span> <span class='ocrx_word' id='word_1_17' title='bbox 635 325 711 373; x_wconf 75' lang='lat' dir='ltr'>Pelles</span> <span class='ocrx_word' id='word_1_18' title='bbox 804 337 807 342; x_wconf 88' lang='lat'>·</span> 
     </span>
     <span class='ocr_line' id='line_1_4' title="bbox 134 390 776 456; baseline -0.006 -14"><span class='ocrx_word' id='word_1_19' title='bbox 134 394 258 454; x_wconf 78' lang='lat' dir='ltr'>Debetur3</span> <span class='ocrx_word' id='word_1_20' title='bbox 274 407 383 456; x_wconf 87' lang='lat' dir='ltr'>euperem</span> <span class='ocrx_word' id='word_1_21' title='bbox 393 391 444 455; x_wconf 85' lang='lat' dir='ltr'>ipse</span> <span class='ocrx_word' id='word_1_22' title='bbox 454 403 540 453; x_wconf 79' lang='lat' dir='ltr'>parens</span> <span class='ocrx_word' id='word_1_23' title='bbox 551 397 666 453; x_wconf 83' lang='lat' dir='ltr'>spectetur</span> <span class='ocrx_word' id='word_1_24' title='bbox 677 390 776 438; x_wconf 74' lang='lat' dir='ltr'>adesset.</span> 
     </span>
     <span class='ocr_line' id='line_1_5' title="bbox 134 454 806 518; baseline -0.012 -10"><span class='ocrx_word' id='word_1_25' title='bbox 134 457 195 508; x_wconf 80' lang='lat' dir='ltr'>Hec</span> <span class='ocrx_word' id='word_1_26' title='bbox 207 459 250 517; x_wconf 79' lang='lat' dir='ltr'>nit;</span> <span class='ocrx_word' id='word_1_27' title='bbox 267 465 291 504; x_wconf 88' lang='lat' dir='ltr'>et</span> <span class='ocrx_word' id='word_1_28' title='bbox 301 456 357 504; x_wconf 88' lang='lat' dir='ltr'>soeii</span> <span class='ocrx_word' id='word_1_29' title='bbox 366 461 487 504; x_wconf 74' lang='lat' dir='ltr'>cesserunt</span> <span class='ocrx_word' id='word_1_30' title='bbox 496 469 589 518; x_wconf 81' lang='lat' dir='ltr'>equore</span> <span class='ocrx_word' id='word_1_31' title='bbox 596 455 669 518; x_wconf 85' lang='lat' dir='ltr'>jusso.</span> <span class='ocrx_word' id='word_1_32' title='bbox 753 454 806 506; x_wconf 73' lang='lat'>444</span> 
     </span>
     <span class='ocr_line' id='line_1_6' title="bbox 134 518 773 584; baseline -0.008 -13"><span class='ocrx_word' id='word_1_33' title='bbox 134 522 177 577; x_wconf 86' lang='lat' dir='ltr'>At,</span> <span class='ocrx_word' id='word_1_34' title='bbox 185 521 301 570; x_wconf 76' lang='lat' dir='ltr'>Rutulum</span> <span class='ocrx_word' id='word_1_35' title='bbox 309 521 423 575; x_wconf 76' lang='lat' dir='ltr'>obscessu,</span> <span class='ocrx_word' id='word_1_36' title='bbox 431 519 526 583; x_wconf 85' lang='lat' dir='ltr'>juvenis</span> <span class='ocrx_word' id='word_1_37' title='bbox 534 526 592 573; x_wconf 90' lang='lat' dir='ltr'>tum,</span> <span class='ocrx_word' id='word_1_38' title='bbox 600 520 666 584; x_wconf 78' lang='lat' dir='ltr'>jusso</span> <span class='ocrx_word' id='word_1_39' title='bbox 671 518 773 581; x_wconf 80' lang='lat' dir='ltr'>superbe</span> 
     </span>
     <span class='ocr_line' id='line_1_7' title="bbox 136 583 756 650; baseline -0.008 -16"><span class='ocrx_word' id='word_1_40' title='bbox 136 587 247 642; x_wconf 76' lang='lat' dir='ltr'>Miratus,</span> <span class='ocrx_word' id='word_1_41' title='bbox 259 593 337 650; x_wconf 85' lang='lat' dir='ltr'>stupet</span> <span class='ocrx_word' id='word_1_42' title='bbox 347 585 373 632; x_wconf 93' lang='lat' dir='ltr'>in</span> <span class='ocrx_word' id='word_1_43' title='bbox 382 585 470 638; x_wconf 90' lang='lat' dir='ltr'>Turno,</span> <span class='ocrx_word' id='word_1_44' title='bbox 480 597 611 646; x_wconf 75' lang='lat' dir='ltr'>corpusque</span> <span class='ocrx_word' id='word_1_45' title='bbox 620 599 664 648; x_wconf 82' lang='lat' dir='ltr'>per</span> <span class='ocrx_word' id='word_1_46' title='bbox 674 583 756 646; x_wconf 75' lang='lat' dir='ltr'>ingene</span> 
     </span>
     <span class='ocr_line' id='line_1_8' title="bbox 136 647 756 713; baseline -0.01 -13"><span class='ocrx_word' id='word_1_47' title='bbox 136 650 239 700; x_wconf 84' lang='lat' dir='ltr'>Lumine</span> <span class='ocrx_word' id='word_1_48' title='bbox 248 650 329 705; x_wconf 81' lang='lat' dir='ltr'>volvit,</span> <span class='ocrx_word' id='word_1_49' title='bbox 341 650 435 713; x_wconf 86' lang='lat' dir='ltr'>obitque</span> <span class='ocrx_word' id='word_1_50' title='bbox 445 648 507 696; x_wconf 82' lang='lat' dir='ltr'>truci</span> <span class='ocrx_word' id='word_1_51' title='bbox 518 648 599 711; x_wconf 89' lang='lat' dir='ltr'>procul</span> <span class='ocrx_word' id='word_1_52' title='bbox 610 647 688 696; x_wconf 79' lang='lat' dir='ltr'>omnio</span> <span class='ocrx_word' id='word_1_53' title='bbox 697 647 756 695; x_wconf 78' lang='lat' dir='ltr'>visu.</span> 
     </span>
     <span class='ocr_line' id='line_1_9' title="bbox 136 711 656 776; baseline -0.012 -10"><span class='ocrx_word' id='word_1_54' title='bbox 136 715 232 766; x_wconf 73' lang='lat' dir='ltr'>&#39;i’eiibus</span> <span class='ocrx_word' id='word_1_55' title='bbox 241 721 266 763; x_wconf 91' lang='lat' dir='ltr'>et</span> <span class='ocrx_word' id='word_1_56' title='bbox 274 714 343 764; x_wconf 85' lang='lat' dir='ltr'>dictis</span> <span class='ocrx_word' id='word_1_57' title='bbox 351 715 371 762; x_wconf 90' lang='lat' dir='ltr'>it</span> <span class='ocrx_word' id='word_1_58' title='bbox 381 720 463 762; x_wconf 80' lang='lat' dir='ltr'>contre</span> <span class='ocrx_word' id='word_1_59' title='bbox 473 711 537 760; x_wconf 87' lang='lat' dir='ltr'>diets</span> <span class='ocrx_word' id='word_1_60' title='bbox 546 713 656 776; x_wconf 75' lang='lat' dir='ltr'><strong>tyranni:</strong></span> 
     </span>
    </p>

    <p class='ocr_par' dir='ltr' id='par_1_4' title="bbox 137 776 699 844">
     <span class='ocr_line' id='line_1_10' title="bbox 137 776 699 844; baseline -0.004 -17"><span class='ocrx_word' id='word_1_61' title='bbox 137 779 189 828; x_wconf 88' lang='lat' dir='ltr'>Aut</span> <span class='ocrx_word' id='word_1_62' title='bbox 200 780 279 844; x_wconf 88' lang='lat' dir='ltr'>spoliis</span> <span class='ocrx_word' id='word_1_63' title='bbox 289 795 333 843; x_wconf 78' lang='lat' dir='ltr'>ego</span> <span class='ocrx_word' id='word_1_64' title='bbox 340 779 391 844; x_wconf 79' lang='lat' dir='ltr'>jem</span> <span class='ocrx_word' id='word_1_65' title='bbox 401 778 475 842; x_wconf 85' lang='lat' dir='ltr'>replis</span> <span class='ocrx_word' id='word_1_66' title='bbox 485 777 599 824; x_wconf 76' lang='lat' dir='ltr'>laudabor</span> <span class='ocrx_word' id='word_1_67' title='bbox 609 776 699 842; x_wconf 79' lang='lat' dir='ltr'>opimis,</span> 
     </span>
    </p>

    <p class='ocr_par' dir='ltr' id='par_1_5' title="bbox 137 839 811 1423">
     <span class='ocr_line' id='line_1_11' title="bbox 137 839 809 908; baseline -0.003 -14"><span class='ocrx_word' id='word_1_68' title='bbox 137 844 189 894; x_wconf 86' lang='lat' dir='ltr'>Aut</span> <span class='ocrx_word' id='word_1_69' title='bbox 199 845 246 894; x_wconf 90' lang='lat' dir='ltr'>leto</span> <span class='ocrx_word' id='word_1_70' title='bbox 256 845 348 908; x_wconf 79' lang='lat' dir='ltr'>insigni.</span> <span class='ocrx_word' id='word_1_71' title='bbox 366 843 427 892; x_wconf 90' lang='lat' dir='ltr'>Sorti</span> <span class='ocrx_word' id='word_1_72' title='bbox 436 849 502 906; x_wconf 80' lang='lat' dir='ltr'>peter</span> <span class='ocrx_word' id='word_1_73' title='bbox 510 856 591 904; x_wconf 74' lang='lat' dir='ltr'>equus</span> <span class='ocrx_word' id='word_1_74' title='bbox 599 843 692 906; x_wconf 88' lang='lat' dir='ltr'>utrique</span> <span class='ocrx_word' id='word_1_75' title='bbox 699 845 742 891; x_wconf 79' lang='lat' dir='ltr'>est.</span> <span class='ocrx_word' id='word_1_76' title='bbox 757 839 809 892; x_wconf 80' lang='lat'>4⁵0</span> 
     </span>
     <span class='ocr_line' id='line_1_12' title="bbox 138 907 775 970; baseline -0.009 -12"><span class='ocrx_word' id='word_1_77' title='bbox 138 909 205 958; x_wconf 84' lang='lat' dir='ltr'>Tolle</span> <span class='ocrx_word' id='word_1_78' title='bbox 216 910 298 958; x_wconf 79' lang='lat' dir='ltr'>mines.</span> <span class='ocrx_word' id='word_1_79' title='bbox 330 909 409 962; x_wconf 83' lang='lat' dir='ltr'>Fetus,</span> <span class='ocrx_word' id='word_1_80' title='bbox 423 908 527 955; x_wconf 85' lang='lat' dir='ltr'>medium</span> <span class='ocrx_word' id='word_1_81' title='bbox 537 907 643 969; x_wconf 72' lang='lat' dir='ltr'>procedit</span> <span class='ocrx_word' id='word_1_82' title='bbox 653 907 677 952; x_wconf 91' lang='lat' dir='ltr'>in</span> <span class='ocrx_word' id='word_1_83' title='bbox 689 919 775 970; x_wconf 73' lang='lat' dir='ltr'>sequor.</span> 
     </span>
     <span class='ocr_line' id='line_1_13' title="bbox 139 970 732 1038; baseline -0.008 -16"><span class='ocrx_word' id='word_1_84' title='bbox 139 973 247 1038; x_wconf 80' lang='lat' dir='ltr'>Frigidus</span> <span class='ocrx_word' id='word_1_85' title='bbox 258 973 389 1022; x_wconf 75' lang='lat' dir='ltr'>Arcadibus</span> <span class='ocrx_word' id='word_1_86' title='bbox 399 971 447 1019; x_wconf 85' lang='lat' dir='ltr'>coit</span> <span class='ocrx_word' id='word_1_87' title='bbox 456 971 482 1018; x_wconf 90' lang='lat' dir='ltr'>in</span> <span class='ocrx_word' id='word_1_88' title='bbox 492 971 623 1036; x_wconf 70' lang='lat' dir='ltr'>precordia</span> <span class='ocrx_word' id='word_1_89' title='bbox 632 970 732 1033; x_wconf 78' lang='lat' dir='ltr'>sanguis.</span> 
     </span>
     <span class='ocr_line' id='line_1_14' title="bbox 139 1035 697 1100; baseline -0.007 -14"><span class='ocrx_word' id='word_1_90' title='bbox 139 1038 243 1086; x_wconf 75' lang='lat' dir='ltr'>Desiluit</span> <span class='ocrx_word' id='word_1_91' title='bbox 252 1039 346 1086; x_wconf 88' lang='lat' dir='ltr'>Turnus</span> <span class='ocrx_word' id='word_1_92' title='bbox 357 1036 455 1100; x_wconf 75' lang='lat' dir='ltr'>bijugis3</span> <span class='ocrx_word' id='word_1_93' title='bbox 470 1037 544 1100; x_wconf 87' lang='lat' dir='ltr'>pedes</span> <span class='ocrx_word' id='word_1_94' title='bbox 554 1035 653 1098; x_wconf 80' lang='lat' dir='ltr'>edperet</span> <span class='ocrx_word' id='word_1_95' title='bbox 662 1035 697 1082; x_wconf 91' lang='lat' dir='ltr'>ire</span> 
     </span>
     <span class='ocr_line' id='line_1_15' title="bbox 140 1097 794 1166; baseline -0.006 -16"><span class='ocrx_word' id='word_1_96' title='bbox 140 1101 283 1150; x_wconf 81' lang='lat' dir='ltr'>Comminus.</span> <span class='ocrx_word' id='word_1_97' title='bbox 316 1102 396 1166; x_wconf 88' lang='lat' dir='ltr'>thue</span> <span class='ocrx_word' id='word_1_98' title='bbox 406 1101 452 1156; x_wconf 90' lang='lat' dir='ltr'>leo,</span> <span class='ocrx_word' id='word_1_99' title='bbox 466 1100 559 1164; x_wconf 76' lang='lat' dir='ltr'>speculi</span> <span class='ocrx_word' id='word_1_100' title='bbox 569 1114 624 1147; x_wconf 86' lang='lat' dir='ltr'>cnm</span> <span class='ocrx_word' id='word_1_101' title='bbox 633 1098 693 1147; x_wconf 82' lang='lat' dir='ltr'>vidit</span> <span class='ocrx_word' id='word_1_102' title='bbox 703 1098 734 1146; x_wconf 83' lang='lat' dir='ltr'>eb</span> <span class='ocrx_word' id='word_1_103' title='bbox 744 1097 794 1147; x_wconf 76' lang='lat' dir='ltr'>uu</span> 
     </span>
     <span class='ocr_line' id='line_1_16' title="bbox 140 1163 762 1229; baseline -0.005 -15"><span class='ocrx_word' id='word_1_104' title='bbox 140 1165 208 1214; x_wconf 74' lang='lat' dir='ltr'>stare</span> <span class='ocrx_word' id='word_1_105' title='bbox 219 1165 299 1229; x_wconf 90' lang='lat' dir='ltr'>procul</span> <span class='ocrx_word' id='word_1_106' title='bbox 308 1166 397 1229; x_wconf 75' lang='lat' dir='ltr'>eampis</span> <span class='ocrx_word' id='word_1_107' title='bbox 406 1163 559 1214; x_wconf 67' lang='lat' dir='ltr'>meditantem</span> <span class='ocrx_word' id='word_1_108' title='bbox 568 1164 651 1228; x_wconf 81' lang='lat' dir='ltr'>prmlie</span> <span class='ocrx_word' id='word_1_109' title='bbox 659 1171 762 1219; x_wconf 70' lang='lat' dir='ltr'>tuorum,</span> 
     </span>
     <span class='ocr_line' id='line_1_17' title="bbox 140 1229 811 1292; baseline 0.001 -14"><span class='ocrx_word' id='word_1_110' title='bbox 140 1229 244 1278; x_wconf 82' lang='lat' dir='ltr'>Advolat</span> <span class='ocrx_word' id='word_1_111' title='bbox 252 1248 258 1290; x_wconf 88' lang='lat'>;</span> <span class='ocrx_word' id='word_1_112' title='bbox 274 1231 338 1278; x_wconf 84' lang='lat' dir='ltr'>lruud</span> <span class='ocrx_word' id='word_1_113' title='bbox 349 1231 395 1278; x_wconf 81' lang='lat' dir='ltr'>elin</span> <span class='ocrx_word' id='word_1_114' title='bbox 404 1237 441 1278; x_wconf 81' lang='lat' dir='ltr'>est</span> <span class='ocrx_word' id='word_1_115' title='bbox 450 1229 525 1278; x_wconf 89' lang='lat' dir='ltr'>Turni</span> <span class='ocrx_word' id='word_1_116' title='bbox 534 1229 651 1277; x_wconf 83' lang='lat' dir='ltr'>venientis</span> <span class='ocrx_word' id='word_1_117' title='bbox 660 1229 744 1292; x_wconf 73' lang='lat' dir='ltr'>imago.</span> <span class='ocrx_word' id='word_1_118' title='bbox 760 1229 811 1279; x_wconf 77' lang='lat'>456</span> 
     </span>
     <span class='ocr_line' id='line_1_18' title="bbox 141 1293 761 1358; baseline -0.003 -14"><span class='ocrx_word' id='word_1_119' title='bbox 141 1295 214 1344; x_wconf 84' lang='lat' dir='ltr'>Hunc</span> <span class='ocrx_word' id='word_1_120' title='bbox 225 1295 266 1343; x_wconf 89' lang='lat' dir='ltr'>nbi</span> <span class='ocrx_word' id='word_1_121' title='bbox 277 1295 412 1358; x_wconf 77' lang='lat' dir='ltr'>contiguum</span> <span class='ocrx_word' id='word_1_122' title='bbox 422 1294 497 1342; x_wconf 72' lang='lat' dir='ltr'>misse</span> <span class='ocrx_word' id='word_1_123' title='bbox 509 1295 559 1342; x_wconf 80' lang='lat' dir='ltr'>fore</span> <span class='ocrx_word' id='word_1_124' title='bbox 569 1293 670 1342; x_wconf 85' lang='lat' dir='ltr'>eredidit</span> <span class='ocrx_word' id='word_1_125' title='bbox 680 1294 761 1349; x_wconf 77' lang='lat' dir='ltr'>horte,</span> 
     </span>
     <span class='ocr_line' id='line_1_19' title="bbox 141 1358 700 1423; baseline -0.005 -15"><span class='ocrx_word' id='word_1_126' title='bbox 141 1359 183 1408; x_wconf 81' lang='lat' dir='ltr'>Ire</span> <span class='ocrx_word' id='word_1_127' title='bbox 194 1360 257 1422; x_wconf 91' lang='lat' dir='ltr'>prior</span> <span class='ocrx_word' id='word_1_128' title='bbox 268 1359 354 1414; x_wconf 81' lang='lat' dir='ltr'>Pelles,</span> <span class='ocrx_word' id='word_1_129' title='bbox 364 1359 383 1406; x_wconf 86' lang='lat' dir='ltr'>si</span> <span class='ocrx_word' id='word_1_130' title='bbox 394 1359 442 1423; x_wconf 76' lang='lat' dir='ltr'>qud</span> <span class='ocrx_word' id='word_1_131' title='bbox 452 1359 500 1406; x_wconf 86' lang='lat' dir='ltr'>lors</span> <span class='ocrx_word' id='word_1_132' title='bbox 510 1358 608 1422; x_wconf 73' lang='lat' dir='ltr'>adjuret</span> <span class='ocrx_word' id='word_1_133' title='bbox 618 1373 700 1406; x_wconf 81' lang='lat' dir='ltr'>eurum</span> 
     </span>
    </p>

    <p class='ocr_par' dir='ltr' id='par_1_6' title="bbox 141 1421 830 2131">
     <span class='ocr_line' id='line_1_20' title="bbox 141 1421 812 1487; baseline -0.003 -15"><span class='ocrx_word' id='word_1_134' title='bbox 141 1423 240 1476; x_wconf 82' lang='lat' dir='ltr'>Viribus</span> <span class='ocrx_word' id='word_1_135' title='bbox 248 1424 382 1487; x_wconf 80' lang='lat' dir='ltr'>inparibus3</span> <span class='ocrx_word' id='word_1_136' title='bbox 399 1437 555 1486; x_wconf 76' lang='lat' dir='ltr'>magnumque</span> <span class='ocrx_word' id='word_1_137' title='bbox 562 1422 730 1470; x_wconf 80' lang='lat' dir='ltr'>ituudsethere</span> <span class='ocrx_word' id='word_1_138' title='bbox 737 1421 812 1470; x_wconf 80' lang='lat' dir='ltr'>lstnrt</span> 
     </span>
     <span class='ocr_line' id='line_1_21' title="bbox 141 1485 815 1550; baseline -0.001 -15"><span class='ocrx_word' id='word_1_139' title='bbox 141 1486 190 1536; x_wconf 89' lang='lat' dir='ltr'>Per</span> <span class='ocrx_word' id='word_1_140' title='bbox 200 1489 273 1550; x_wconf 77' lang='lat' dir='ltr'>patris</span> <span class='ocrx_word' id='word_1_141' title='bbox 284 1487 417 1548; x_wconf 79' lang='lat' dir='ltr'>hospitium,</span> <span class='ocrx_word' id='word_1_142' title='bbox 427 1493 452 1534; x_wconf 87' lang='lat' dir='ltr'>et</span> <span class='ocrx_word' id='word_1_143' title='bbox 462 1501 560 1541; x_wconf 82' lang='lat' dir='ltr'>menses,</span> <span class='ocrx_word' id='word_1_144' title='bbox 586 1501 627 1534; x_wconf 83' lang='lat' dir='ltr'>uos</span> <span class='ocrx_word' id='word_1_145' title='bbox 635 1487 727 1534; x_wconf 72' lang='lat' dir='ltr'>advene</span> <span class='ocrx_word' id='word_1_146' title='bbox 737 1485 815 1541; x_wconf 84' lang='lat' dir='ltr'>edisti,</span> 
     </span>
     <span class='ocr_line' id='line_1_22' title="bbox 142 1501 812 1612; baseline 0.003 -14"><span class='ocrx_word' id='word_1_147' title='bbox 142 1551 178 1598; x_wconf 88' lang='lat' dir='ltr'>Te</span> <span class='ocrx_word' id='word_1_148' title='bbox 188 1565 277 1612; x_wconf 77' lang='lat' dir='ltr'>precor,</span> <span class='ocrx_word' id='word_1_149' title='bbox 288 1549 380 1604; x_wconf 83' lang='lat' dir='ltr'>Alcide,</span> <span class='ocrx_word' id='word_1_150' title='bbox 390 1549 473 1611; x_wconf 80' lang='lat' dir='ltr'>coeptis</span> <span class='ocrx_word' id='word_1_151' title='bbox 483 1501 617 1611; x_wconf 79' lang='lat' dir='ltr'>ingentiins</span> <span class='ocrx_word' id='word_1_152' title='bbox 627 1551 689 1598; x_wconf 72' lang='lat' dir='ltr'>eduis</span> <span class='ocrx_word' id='word_1_153' title='bbox 695 1568 703 1610; x_wconf 80' lang='lat'>3</span> <span class='ocrx_word' id='word_1_154' title='bbox 764 1555 812 1600; x_wconf 80' lang='lat'>461</span> 
     </span>
     <span class='ocr_line' id='line_1_23' title="bbox 143 1611 741 1674; baseline 0.002 -13"><span class='ocrx_word' id='word_1_155' title='bbox 143 1613 233 1662; x_wconf 79' lang='lat' dir='ltr'>Cernat</span> <span class='ocrx_word' id='word_1_156' title='bbox 243 1613 353 1662; x_wconf 83' lang='lat' dir='ltr'>semineci</span> <span class='ocrx_word' id='word_1_157' title='bbox 364 1611 407 1659; x_wconf 90' lang='lat' dir='ltr'>sibi</span> <span class='ocrx_word' id='word_1_158' title='bbox 420 1627 456 1660; x_wconf 84' lang='lat' dir='ltr'>me</span> <span class='ocrx_word' id='word_1_159' title='bbox 466 1627 550 1674; x_wconf 77' lang='lat' dir='ltr'>rupere</span> <span class='ocrx_word' id='word_1_160' title='bbox 560 1627 626 1660; x_wconf 78' lang='lat' dir='ltr'>erma</span> <span class='ocrx_word' id='word_1_161' title='bbox 635 1621 741 1670; x_wconf 82' lang='lat' dir='ltr'>eruente,</span> 
     </span>
     <span class='ocr_line' id='line_1_24' title="bbox 144 1675 722 1744; baseline -0.007 -16"><span class='ocrx_word' id='word_1_162' title='bbox 144 1678 311 1744; x_wconf 78' lang='lat' dir='ltr'>victoremque</span> <span class='ocrx_word' id='word_1_163' title='bbox 321 1678 399 1730; x_wconf 78' lang='lat' dir='ltr'>lerant</span> <span class='ocrx_word' id='word_1_164' title='bbox 409 1675 531 1724; x_wconf 79' lang='lat' dir='ltr'>morientis</span> <span class='ocrx_word' id='word_1_165' title='bbox 541 1675 631 1724; x_wconf 79' lang='lat' dir='ltr'>luminu</span> <span class='ocrx_word' id='word_1_166' title='bbox 640 1677 722 1724; x_wconf 88' lang='lat' dir='ltr'>Turni.</span> 
     </span>
     <span class='ocr_line' id='line_1_25' title="bbox 145 1740 740 1807; baseline -0.005 -15"><span class='ocrx_word' id='word_1_167' title='bbox 145 1742 231 1792; x_wconf 86' lang='lat' dir='ltr'>Audiit</span> <span class='ocrx_word' id='word_1_168' title='bbox 239 1743 335 1792; x_wconf 85' lang='lat' dir='ltr'>Alcides</span> <span class='ocrx_word' id='word_1_169' title='bbox 342 1742 462 1807; x_wconf 84' lang='lat' dir='ltr'>juvenem,</span> <span class='ocrx_word' id='word_1_170' title='bbox 472 1753 629 1804; x_wconf 68' lang='lat' dir='ltr'>magnumque</span> <span class='ocrx_word' id='word_1_171' title='bbox 638 1741 682 1788; x_wconf 86' lang='lat' dir='ltr'>snb</span> <span class='ocrx_word' id='word_1_172' title='bbox 692 1740 740 1789; x_wconf 87' lang='lat' dir='ltr'>imo</span> 
     </span>
     <span class='ocr_line' id='line_1_26' title="bbox 145 1803 800 1872; baseline -0.002 -15"><span class='ocrx_word' id='word_1_173' title='bbox 145 1808 225 1858; x_wconf 86' lang='lat' dir='ltr'>Corde</span> <span class='ocrx_word' id='word_1_174' title='bbox 234 1809 320 1872; x_wconf 83' lang='lat' dir='ltr'>premit</span> <span class='ocrx_word' id='word_1_175' title='bbox 329 1807 448 1872; x_wconf 82' lang='lat' dir='ltr'>gemitum,</span> <span class='ocrx_word' id='word_1_176' title='bbox 459 1803 609 1869; x_wconf 70' lang='lat' dir='ltr'>lacrimasque</span> <span class='ocrx_word' id='word_1_177' title='bbox 615 1804 699 1853; x_wconf 84' lang='lat' dir='ltr'>effudit</span> <span class='ocrx_word' id='word_1_178' title='bbox 709 1804 800 1856; x_wconf 83' lang='lat' dir='ltr'>inenes.</span> 
     </span>
     <span class='ocr_line' id='line_1_27' title="bbox 146 1869 817 1937; baseline -0.009 -17"><span class='ocrx_word' id='word_1_179' title='bbox 146 1873 207 1922; x_wconf 88' lang='lat' dir='ltr'>Tum</span> <span class='ocrx_word' id='word_1_180' title='bbox 218 1874 310 1937; x_wconf 81' lang='lat' dir='ltr'>genitor</span> <span class='ocrx_word' id='word_1_181' title='bbox 319 1880 401 1920; x_wconf 79' lang='lat' dir='ltr'>netum</span> <span class='ocrx_word' id='word_1_182' title='bbox 411 1871 480 1920; x_wconf 83' lang='lat' dir='ltr'>dietis</span> <span class='ocrx_word' id='word_1_183' title='bbox 490 1870 584 1918; x_wconf 71' lang='lat' dir='ltr'>adlatur</span> <span class='ocrx_word' id='word_1_184' title='bbox 594 1869 686 1918; x_wconf 76' lang='lat' dir='ltr'>amicis:</span> <span class='ocrx_word' id='word_1_185' title='bbox 767 1875 817 1922; x_wconf 75' lang='lat'>466</span> 
     </span>
     <span class='ocr_line' id='line_1_28' title="bbox 148 1935 818 2004; baseline 0.001 -20"><span class='ocrx_word' id='word_1_186' title='bbox 148 1937 200 1984; x_wconf 77' lang='lat' dir='ltr'>Stet</span> <span class='ocrx_word' id='word_1_187' title='bbox 212 1953 255 1988; x_wconf 85' lang='lat' dir='ltr'>sus</span> <span class='ocrx_word' id='word_1_188' title='bbox 264 1937 349 2002; x_wconf 82' lang='lat' dir='ltr'>cuique</span> <span class='ocrx_word' id='word_1_189' title='bbox 360 1936 410 1985; x_wconf 82' lang='lat' dir='ltr'>dies</span> <span class='ocrx_word' id='word_1_190' title='bbox 417 1955 425 1998; x_wconf 86' lang='lat'>;</span> <span class='ocrx_word' id='word_1_191' title='bbox 439 1937 511 1985; x_wconf 84' lang='lat' dir='ltr'>breve</span> <span class='ocrx_word' id='word_1_192' title='bbox 525 1943 550 1984; x_wconf 89' lang='lat' dir='ltr'>et</span> <span class='ocrx_word' id='word_1_193' title='bbox 559 1935 714 1999; x_wconf 74' lang='lat' dir='ltr'>inreparabile</span> <span class='ocrx_word' id='word_1_194' title='bbox 723 1941 818 2004; x_wconf 75' lang='lat' dir='ltr'>tempus·</span> 
     </span>
     <span class='ocr_line' id='line_1_29' title="bbox 148 2000 830 2058; baseline 0 -10"><span class='ocrx_word' id='word_1_195' title='bbox 148 2000 266 2048; x_wconf 87' lang='lat' dir='ltr'>Omnibus</span> <span class='ocrx_word' id='word_1_196' title='bbox 276 2009 311 2049; x_wconf 88' lang='lat' dir='ltr'>est</span> <span class='ocrx_word' id='word_1_197' title='bbox 321 2001 389 2051; x_wconf 70' lang='lat' dir='ltr'>vitm:</span> <span class='ocrx_word' id='word_1_198' title='bbox 406 2001 447 2050; x_wconf 85' lang='lat' dir='ltr'>sed</span> <span class='ocrx_word' id='word_1_199' title='bbox 458 2001 544 2050; x_wconf 79' lang='lat' dir='ltr'>semem</span> <span class='ocrx_word' id='word_1_200' title='bbox 553 2002 681 2050; x_wconf 84' lang='lat' dir='ltr'>extendere</span> <span class='ocrx_word' id='word_1_201' title='bbox 691 2000 769 2058; x_wconf 74' lang='lat' dir='ltr'>leolis,</span> <span class='ocrx_word' id='word_1_202' title='bbox 828 2011 830 2016; x_wconf 79' lang='grc'>’</span> 
     </span>
     <span class='ocr_line' id='line_1_30' title="bbox 148 2064 736 2131; baseline 0.002 -19"><span class='ocrx_word' id='word_1_203' title='bbox 148 2065 203 2113; x_wconf 83' lang='lat' dir='ltr'>Hoc</span> <span class='ocrx_word' id='word_1_204' title='bbox 213 2064 307 2112; x_wconf 82' lang='lat' dir='ltr'>virtutis</span> <span class='ocrx_word' id='word_1_205' title='bbox 315 2079 383 2128; x_wconf 84' lang='lat' dir='ltr'>opus.</span> <span class='ocrx_word' id='word_1_206' title='bbox 415 2066 493 2131; x_wconf 80' lang='lat' dir='ltr'>Trojae</span> <span class='ocrx_word' id='word_1_207' title='bbox 504 2065 548 2114; x_wconf 88' lang='lat' dir='ltr'>sub</span> <span class='ocrx_word' id='word_1_208' title='bbox 558 2065 673 2114; x_wconf 78' lang='lat' dir='ltr'>menibus</span> <span class='ocrx_word' id='word_1_209' title='bbox 683 2064 736 2113; x_wconf 78' lang='lat' dir='ltr'>eltis</span> 
     </span>
    </p>

    <p class='ocr_par' dir='ltr' id='par_1_7' title="bbox 148 2128 820 2323">
     <span class='ocr_line' id='line_1_31' title="bbox 148 2128 820 2194; baseline 0.007 -19"><span class='ocrx_word' id='word_1_210' title='bbox 148 2129 194 2176; x_wconf 84' lang='lat' dir='ltr'>Tot</span> <span class='ocrx_word' id='word_1_211' title='bbox 205 2129 269 2192; x_wconf 77' lang='lat' dir='ltr'>gnoti</span> <span class='ocrx_word' id='word_1_212' title='bbox 279 2128 386 2177; x_wconf 75' lang='lat' dir='ltr'>occidere</span> <span class='ocrx_word' id='word_1_213' title='bbox 397 2129 491 2192; x_wconf 73' lang='lat' dir='ltr'>Detlm5</span> <span class='ocrx_word' id='word_1_214' title='bbox 506 2130 564 2194; x_wconf 86' lang='lat' dir='ltr'>quin</span> <span class='ocrx_word' id='word_1_215' title='bbox 574 2129 661 2180; x_wconf 71' lang='lat' dir='ltr'>oceidit</span> <span class='ocrx_word' id='word_1_216' title='bbox 672 2130 720 2176; x_wconf 79' lang='lat' dir='ltr'>ouri</span> <span class='ocrx_word' id='word_1_217' title='bbox 770 2129 820 2180; x_wconf 72' lang='lat' dir='ltr'>sto</span> 
     </span>
     <span class='ocr_line' id='line_1_32' title="bbox 149 2192 762 2258; baseline 0 -16"><span class='ocrx_word' id='word_1_218' title='bbox 149 2192 279 2258; x_wconf 79' lang='lat' dir='ltr'>Sarpedon,</span> <span class='ocrx_word' id='word_1_219' title='bbox 290 2208 343 2240; x_wconf 80' lang='lat' dir='ltr'>men</span> <span class='ocrx_word' id='word_1_220' title='bbox 352 2194 483 2257; x_wconf 77' lang='lat' dir='ltr'>progenies.</span> <span class='ocrx_word' id='word_1_221' title='bbox 515 2195 594 2243; x_wconf 74' lang='lat' dir='ltr'>Etiam</span> <span class='ocrx_word' id='word_1_222' title='bbox 605 2209 646 2242; x_wconf 82' lang='lat' dir='ltr'>sue</span> <span class='ocrx_word' id='word_1_223' title='bbox 655 2193 762 2242; x_wconf 85' lang='lat' dir='ltr'>Turnum</span> 
     </span>
     <span class='ocr_line' id='line_1_33' title="bbox 149 2257 721 2323; baseline -0.002 -19"><span class='ocrx_word' id='word_1_224' title='bbox 149 2257 209 2305; x_wconf 82' lang='lat' dir='ltr'>Fste</span> <span class='ocrx_word' id='word_1_225' title='bbox 218 2263 311 2312; x_wconf 84' lang='lat' dir='ltr'>vocent,</span> <span class='ocrx_word' id='word_1_226' title='bbox 321 2265 442 2321; x_wconf 71' lang='lat' dir='ltr'>metasque</span> <span class='ocrx_word' id='word_1_227' title='bbox 451 2258 501 2306; x_wconf 86' lang='lat' dir='ltr'>deti</span> <span class='ocrx_word' id='word_1_228' title='bbox 512 2259 620 2323; x_wconf 83' lang='lat' dir='ltr'>pervenit</span> <span class='ocrx_word' id='word_1_229' title='bbox 629 2257 660 2305; x_wconf 81' lang='lat' dir='ltr'>ed</span> <span class='ocrx_word' id='word_1_230' title='bbox 669 2257 721 2304; x_wconf 78' lang='lat' dir='ltr'>evi.</span> 
     </span>
    </p>

    <p class='ocr_par' dir='ltr' id='par_1_8' title="bbox 144 2320 731 2386">
     <span class='ocr_line' id='line_1_34' title="bbox 144 2320 731 2386; baseline -0.003 -16"><span class='ocrx_word' id='word_1_231' title='bbox 144 2320 189 2370; x_wconf 74' lang='lat' dir='ltr'>sic</span> <span class='ocrx_word' id='word_1_232' title='bbox 201 2321 241 2377; x_wconf 84' lang='lat' dir='ltr'>eit,</span> <span class='ocrx_word' id='word_1_233' title='bbox 252 2328 322 2385; x_wconf 84' lang='lat' dir='ltr'>etque</span> <span class='ocrx_word' id='word_1_234' title='bbox 332 2321 413 2370; x_wconf 80' lang='lat' dir='ltr'>oculos</span> <span class='ocrx_word' id='word_1_235' title='bbox 423 2321 567 2372; x_wconf 84' lang='lat' dir='ltr'>Rutulorum</span> <span class='ocrx_word' id='word_1_236' title='bbox 577 2322 653 2386; x_wconf 84' lang='lat' dir='ltr'>rejicit</span> <span class='ocrx_word' id='word_1_237' title='bbox 663 2320 731 2368; x_wconf 80' lang='lat' dir='ltr'>orris.</span> 
     </span>
    </p>

    <p class='ocr_par' dir='ltr' id='par_1_9' title="bbox 149 2383 824 2644">
     <span class='ocr_line' id='line_1_35' title="bbox 149 2383 674 2448; baseline 0.011 -16"><span class='ocrx_word' id='word_1_238' title='bbox 149 2383 184 2432; x_wconf 91' lang='lat' dir='ltr'>At</span> <span class='ocrx_word' id='word_1_239' title='bbox 195 2386 272 2434; x_wconf 77' lang='lat' dir='ltr'>Pelles</span> <span class='ocrx_word' id='word_1_240' title='bbox 283 2384 371 2448; x_wconf 74' lang='lat' dir='ltr'>mugnis</span> <span class='ocrx_word' id='word_1_241' title='bbox 381 2386 469 2435; x_wconf 88' lang='lat' dir='ltr'>emittit</span> <span class='ocrx_word' id='word_1_242' title='bbox 478 2387 567 2436; x_wconf 82' lang='lat' dir='ltr'>viribus</span> <span class='ocrx_word' id='word_1_243' title='bbox 577 2389 674 2438; x_wconf 68' lang='lat' dir='ltr'>numm,</span> 
     </span>
     <span class='ocr_line' id='line_1_36' title="bbox 151 2447 824 2516; baseline -0.007 -17"><span class='ocrx_word' id='word_1_244' title='bbox 151 2449 310 2516; x_wconf 74' lang='lat' dir='ltr'>&#39;Veginiqne</span> <span class='ocrx_word' id='word_1_245' title='bbox 321 2449 377 2498; x_wconf 79' lang='lat' dir='ltr'>carl</span> <span class='ocrx_word' id='word_1_246' title='bbox 387 2450 516 2515; x_wconf 79' lang='lat' dir='ltr'>fulgentem</span> <span class='ocrx_word' id='word_1_247' title='bbox 524 2451 610 2515; x_wconf 83' lang='lat' dir='ltr'>deripit</span> <span class='ocrx_word' id='word_1_248' title='bbox 620 2447 723 2498; x_wconf 72' lang='lat' dir='ltr'>ensem*</span> <span class='ocrx_word' id='word_1_249' title='bbox 767 2453 824 2504; x_wconf 60' lang='grc'>’475</span> 
     </span>
     <span class='ocr_line' id='line_1_37' title="bbox 151 2511 796 2580; baseline 0.005 -20"><span class='ocrx_word' id='word_1_250' title='bbox 151 2511 198 2560; x_wconf 82' lang='lat' dir='ltr'>Ille</span> <span class='ocrx_word' id='word_1_251' title='bbox 208 2516 296 2572; x_wconf 80' lang='lat' dir='ltr'>volens,</span> <span class='ocrx_word' id='word_1_252' title='bbox 308 2514 410 2563; x_wconf 83' lang='lat' dir='ltr'>humeris</span> <span class='ocrx_word' id='word_1_253' title='bbox 419 2523 517 2580; x_wconf 78' lang='lat' dir='ltr'>surgunt</span> <span class='ocrx_word' id='word_1_254' title='bbox 527 2516 574 2580; x_wconf 70' lang='lat' dir='ltr'>quii</span> <span class='ocrx_word' id='word_1_255' title='bbox 584 2512 687 2578; x_wconf 81' lang='lat' dir='ltr'>tegmine</span> <span class='ocrx_word' id='word_1_256' title='bbox 696 2527 796 2572; x_wconf 80' lang='lat' dir='ltr'>summe,</span> 
     </span>
     <span class='ocr_line' id='line_1_38' title="bbox 150 2575 703 2644; baseline 0.005 -22"><span class='ocrx_word' id='word_1_257' title='bbox 150 2575 248 2635; x_wconf 84' lang='lat' dir='ltr'>Incidit,</span> <span class='ocrx_word' id='word_1_258' title='bbox 259 2588 337 2644; x_wconf 78' lang='lat' dir='ltr'>etque,</span> <span class='ocrx_word' id='word_1_259' title='bbox 346 2579 409 2628; x_wconf 71' lang='lat' dir='ltr'>dom</span> <span class='ocrx_word' id='word_1_260' title='bbox 420 2579 491 2644; x_wconf 82' lang='lat' dir='ltr'>clipei</span> <span class='ocrx_word' id='word_1_261' title='bbox 500 2580 580 2630; x_wconf 76' lang='lat' dir='ltr'>meum</span> <span class='ocrx_word' id='word_1_262' title='bbox 589 2591 703 2644; x_wconf 79' lang='lat' dir='ltr'>perores,</span> 
     </span>
    </p>

    <p class='ocr_par' dir='ltr' id='par_1_10' title="bbox 150 2638 781 2710">
     <span class='ocr_line' id='line_1_39' title="bbox 150 2638 781 2710; baseline -0.002 -16"><span class='ocrx_word' id='word_1_263' title='bbox 150 2638 258 2700; x_wconf 75' lang='lat' dir='ltr'>Tandem</span> <span class='ocrx_word' id='word_1_264' title='bbox 268 2645 339 2694; x_wconf 79' lang='lat' dir='ltr'>etiem</span> <span class='ocrx_word' id='word_1_265' title='bbox 350 2659 435 2708; x_wconf 74' lang='lat' dir='ltr'>mogun</span> <span class='ocrx_word' id='word_1_266' title='bbox 445 2645 539 2696; x_wconf 82' lang='lat' dir='ltr'>strinxit</span> <span class='ocrx_word' id='word_1_267' title='bbox 548 2645 580 2694; x_wconf 92' lang='lat' dir='ltr'>de</span> <span class='ocrx_word' id='word_1_268' title='bbox 588 2657 687 2710; x_wconf 81' lang='lat' dir='ltr'>oorpore</span> <span class='ocrx_word' id='word_1_269' title='bbox 696 2643 781 2694; x_wconf 83' lang='lat' dir='ltr'>Turni.</span> 
     </span>
    </p>
   </div>
   <div class='ocr_carea' id='block_1_3' title="bbox 0 0 970 2924">
    <p class='ocr_par' dir='ltr' id='par_1_11' title="bbox 0 0 970 2924">
     <span class='ocr_line' id='line_1_40' title="bbox 0 0 970 2924; baseline 0 0"><span class='ocrx_word' id='word_1_270' title='bbox 0 0 970 2924; x_wconf 95' lang='lat' dir='ltr'> </span> 
     </span>
    </p>
   </div>
  </div>
 </body>
</html>
