1878 2930
308 71 490 133 nocem,
505 75 627 125 EouVI.
774 83 805 128 19

122 201 181 258 Ille.
192 201 255 249 latus
264 198 361 248 niveum
371 199 435 247 molli
445 199 518 248 lnltus
527 198 667 264 hyacintho.

123 267 189 317 llice
200 266 246 312 snb
256 264 326 328 nigri
336 263 450 327 pallentes
460 265 563 313 ruminat
573 264 666 319 herbas,

122 332 179 383 Ant
195 330 300 444 alippam
317 329 343 376 in
358 344 444 393 magno
461 329 563 394 sequitur
578 329 664 394 grege!
687 327 804 387 Claudite,

124 461 231 510 Dictae
242 410 372 524 ldgmphae,
383 472 505 506 nemorum
512 457 562 522 jam
573 457 675 508 claudite
686 459 773 520 saltus3

125 525 153 574 Si
163 524 214 589 qui
224 524 287 572 forte
298 523 375 570 lerant
385 523 458 570 oeulis
468 537 518 569 sese
528 523 597 571 obvia
607 525 691 572 nostris

125 589 276 638 Errabnnda
285 587 352 636 bovis
361 587 474 652 vestigia;
489 587 586 636 forsitan
595 588 661 638 illum

125 654 180 703 Ant
192 653 268 702 herbo
278 660 375 718 captum
384 652 462 708 viridi,
474 659 515 699 aut
526 661 630 701 armenta
639 661 753 711 secutum,

125 719 269 768 Perdncnnt
278 718 361 782 aliquae
372 717 464 765 stabula
474 717 505 763 ad
516 715 633 782 Gortynia
641 736 727 768 vaecae.
771 723 804 770 fio

125 783 191 832 Tum
201 783 267 830 enuit
276 781 434 846 Hesperidum
445 781 553 830 miratam
560 781 622 828 mala
631 785 738 846 puellam.

126 849 191 896 Turn
201 847 404 896 Phaethontiadas
415 863 494 896 musco
504 845 635 894 ciruurndat
645 864 728 898 amare

127 912 240 967 corticis,
251 919 323 976 stqne
333 913 382 960 solo
393 916 501 976 proceras
511 910 581 974 erigit
591 911 664 958 alnos.

127 977 192 1026 'l'nnr
202 977 274 1032 canit,
281 984 403 1025 errantem
414 975 528 1024 Permessi
539 977 570 1023 ad
581 975 680 1024 flumina
689 977 785 1027 Gallum

23 1073 24 1076 =
127 1041 350 1090 Aonasinrnontes
361 1049 388 1088 ut
398 1040 491 1090 duxerit
501 1056 550 1088 una
558 1055 663 1124 sororopr
670 1058 703 1118 3·
772 1045 804 1093 6⁵

128 1106 211 1170 thue
221 1106 271 1154 viro
281 1106 368 1154 Phoebi
378 1107 463 1154 chorus
473 1105 633 1154 adsurrexerit
640 1119 730 1167 omn1s;

128 1171 166 1220 Ut
178 1170 252 1217 liuns
261 1171 312 1219 hee
324 1171 367 1226 illi,
374 1169 460 1218 ,divino
469 1169 573 1217 onrmine
583 1177 671 1232 pastor,

23 1225 26 1250 '
128 1232 241 1282 Floribus
250 1242 317 1300 atque
329 1235 384 1300 apio
394 1235 471 1282 crines
482 1241 578 1282 ornatus
589 1250 677 1289 amaro,

129 1297 241 1348 Dixerit:
256 1299 306 1350 Hos
315 1300 360 1348 tibi
371 1299 431 1348 dant
440 1298 548 1354 calamos,
560 1313 590 1346 en
601 1299 693 1364 adcipe,
704 1297 789 1353 Musa,

129 1363 228 1413 Aseraeo
238 1379 295 1428 quos
306 1372 362 1413 ante
372 1364 438 1426 seni;
450 1362 537 1428 quibus
547 1363 588 1412 ille
599 1363 688 1412 solebat
773 1367 805 1413 70

130 1429 256 1478 Cantando
267 1428 356 1494 rigidas
366 1429 484 1478 deducere
493 1427 612 1477 montibus
622 1445 699 1478 ornos.

131 1493 177 1542 His
186 1494 232 1542 tibi
242 1493 336 1560 Grynei
346 1494 447 1560 nemoris
456 1493 548 1542 dicatur
558 1494 638 1558 origo:

130 1558 171 1608 Ne
181 1559 234 1624 quis
244 1559 275 1606 sit
285 1560 418 1624 lucanaque
429 1574 453 1607 se
481 1559 517 1606 lus
523 1560 599 1623 jactet
608 1558 703 1624 Apollo.

131 1623 196 1682 Quid
204 1624 297 1688 loquar,
307 1632 335 1672 nt
344 1623 447 1688 Scyllam
480 1623 516 1680 isi,
524 1639 594 1687 quam
603 1625 666 1672 lerna
674 1631 755 1672 secuta
762 1630 805 1680 est,

131 1688 244 1746 Candida
254 1688 397 1740 morinorum
407 1688 546 1736 latrantibus
553 1687 652 1752 inguina
662 1688 779 1743 monstris,

130 1753 256 1802 Dulichias
266 1753 364 1802 vexasse
374 1760 443 1808 rates,
453 1760 478 1801 et
488 1753 579 1816 gurgite
590 1753 615 1799 in
626 1753 674 1800 alto
773 1756 805 1802 76

129 1818 184 1868 Ah!
201 1817 297 1868 timidos
307 1825 392 1865 nautas
402 1816 499 1866 nauibus
508 1816 623 1866 lacerisse
632 1815 742 1865 marinis?

129 1883 187 1942 Aut,
199 1891 228 1932 nt
238 1890 341 1932 mutatos
350 1883 420 1931 Terei
429 1881 559 1930 narraverit
569 1888 632 1930 artos
638 1899 646 1943 ;

23 1973 25 1978 ,
130 1949 197 2006 Quas
205 1948 242 1996 illi
253 1947 386 1996 Philomela
396 1949 477 2011 dapes,
488 1963 540 2010 quae
551 1947 615 1994 dona
625 1945 721 2010 pnririt,

130 2014 185 2071 Quo
195 2029 269 2062 cursu
279 2013 372 2061 deserta
383 2012 499 2076 petiverit,
509 2019 534 2060 et
544 2011 629 2074 quibus
640 2018 695 2059 ante
775 2017 807 2062 80

129 2079 219 2128 infelix
232 2093 276 2126 sua
286 2084 349 2126 lecta
359 2075 561 2140 supervolitaverit
571 2075 630 2123 alis?

159 2142 258 2201 Omnia,
268 2158 330 2206 qum,
340 2142 433 2190 Phoebo
442 2141 561 2204 quondam
571 2140 706 2197 meditante,
722 2141 804 2188 beatus

129 2207 217 2257 Audiit
228 2207 338 2262 Eurotas,
346 2206 463 2270 jussitque
472 2206 576 2254 ediscere
587 2203 671 2262 lauros,

128 2273 173 2322 Ille
185 2272 252 2322 canit
262 2290 269 2332 ;
283 2272 358 2336 pnlsae
369 2271 475 2319 referunt
487 2272 517 2318 ad
529 2270 606 2318 sideru
616 2270 702 2318 valles:
774 2270 807 2316 84

129 2337 224 2402 Cogere
235 2337 314 2384 donec
326 2351 382 2385 oves
393 2335 497 2392 stabulis,
508 2348 677 2398 numerumque
688 2331 776 2381 referre
796 2359 803 2365 -

127 2403 143 2453 J
145 2402 212 2458 ussit,
221 2409 247 2450 et
253 2401 330 2451 invito
342 2401 453 2466 processit
463 2401 556 2464 Vesper
567 2399 679 2462 Olympo.
