1898 2934
128 91 177 140 130
321 86 484 142 AENEIDOS
499 89 556 140 Lis.
567 91 605 142 11.

128 210 218 260 Pelidae
230 211 337 275 genitori.
365 210 406 259 Illi
417 227 470 262 mee
479 212 556 262 tristis
564 214 636 270 tuen,

129 275 325 340 Degeneremque
336 275 519 341 Neoptolemum
529 294 625 328 nsrrsre
635 287 758 328 memento.

129 341 203 390 Nunc
213 357 310 390 morere.
338 340 392 390 Hoc
403 341 492 400 disens,
506 343 589 392 alteris
599 345 630 392 ed
640 344 693 408 ipss
701 353 803 394 tremen-

225 415 274 454 tem
367 413 375 443 ἵ
451 437 453 446 1
755 414 804 460 550

129 470 218 525 Traxit,
229 479 254 518 et
264 471 290 518 in
301 469 374 519 multo
384 470 515 535 lapsantem
525 473 638 537 sunguine
648 472 707 528 usti,

130 534 290 600 Inplicuitque
301 551 391 584 sumum
402 537 476 599 laevi;
491 538 538 586 dex
592 553 620 586 ue
630 553 752 586 coruscum

130 599 231 655 Extulit,
242 617 270 649 sc
281 601 347 649 lsteri
360 601 445 665 capulo
454 611 523 650 tenus
534 603 626 652 sbdrdit
636 618 723 652 ensem.

130 663 190 712 Hoec
201 665 255 714 finis
264 665 354 714 Priami
364 667 480 716 fetorum:
497 667 536 716 hie
547 668 623 718 exitus
633 668 701 718 illum
755 669 805 716 5⁵4
881 638 884 643 Ι
927 729 930 738 ,

131 728 199 778 Sorte
210 731 271 788 tulit,
281 730 377 796 Trojsm
386 731 506 784 insensum
516 739 541 780 et
551 733 659 797 prolapsu
669 734 789 782 videntem

131 791 247 859 Pergama
253 815 262 858 ;
277 804 312 845 tot
321 797 441 860 quondam
452 796 545 861 populis
556 799 669 862 terrisque
679 797 806 862 superbum

131 857 293 924 Regnatorem
304 861 375 910 Asiae.
400 862 471 911 Jscet
481 861 564 926 iugens
574 863 642 913 litore
653 871 757 918 tunsus,

131 924 292 992 Avolsumque
303 925 405 974 humeris
415 933 495 990 ceput,
505 935 530 976 et
540 927 591 976 sine
600 928 696 977 nomine
705 941 801 990 eorpus.

163 991 198 1040 At
209 1009 246 1040 me
257 1000 309 1041 tum
320 990 420 1054 primum
430 1006 506 1042 sevus
516 991 669 1043 circumstetit
678 993 768 1042 horror.

133 1055 253 1122 Obstupui
259 1075 267 1119 3
283 1055 354 1107 subiit
364 1055 414 1104 csri
424 1057 535 1119 genitoris
544 1057 630 1122 imsgu,
758 1058 807 1107 560

132 1121 168 1170 Ut
178 1138 256 1186 regem
268 1136 397 1185 aequaevum
407 1121 498 1171 crudeli
508 1123 604 1172 volnere
613 1123 664 1172 vidi

132 1185 215 1236 vitam
225 1187 374 1237 exhalantem
382 1204 389 1247 3
404 1187 477 1236 subiit
487 1188 580 1238 deserte
590 1188 689 1245 Creiiss,

133 1249 167 1298 Et
178 1252 271 1317 direpte
282 1253 373 1307 domus,
384 1259 408 1300 et
418 1252 486 1316 psrvi
496 1269 564 1302 casus
575 1254 631 1303 Iuli.

133 1313 255 1381 Respicis,
265 1325 290 1366 et
300 1333 353 1380 quse
365 1316 395 1364 sit
404 1333 443 1366 me
453 1318 542 1374 cirrum
552 1319 622 1382 copis
630 1319 712 1368 lustro.
794 1336 796 1340 ’

133 1380 267 1430 Deseruere
278 1396 358 1430 omnes
369 1382 462 1436 defessi,
472 1390 497 1430 et
508 1398 608 1446 corpora
617 1383 678 1431 saltu
760 1381 809 1430 565

134 1445 174 1493 Ad
186 1453 272 1492 terrem
283 1445 374 1498 misere,
386 1453 427 1492 sut
436 1445 530 1508 ignibus
540 1462 604 1509 aegrs
614 1448 709 1495 dedere.

166 1509 279 1622 [quqrue
295 1508 355 1554 sdeo
372 1523 443 1570 super
458 1524 520 1556 unus
535 1525 617 1571 ersm;
638 1523 710 1572 quum
727 1505 808 1555 limine

254 1579 308 1622 esim

134 1635 272 1686 Servsntem
283 1643 308 1682 et
317 1632 413 1686 tacitum
423 1635 515 1686 secrete
524 1636 550 1684 in
560 1637 617 1684 sede
628 1635 740 1686 istentem

58 1707 59 1712 ’
133 1701 273 1767 Tyndaride
283 1699 397 1764 sdspieio;
417 1701 476 1748 dant
485 1700 549 1750 clsrs
559 1701 671 1752 incendis
680 1701 756 1748 lucem

134 1767 239 1822 Errasti,
249 1765 381 1832 passimque
391 1765 471 1814 oculos
481 1780 524 1828 per
534 1773 621 1818 cuncte
630 1766 724 1814 ferenti.
760 1763 809 1814 570

136 1832 183 1881 Ills
193 1832 239 1880 sibi
248 1833 345 1880 infestos
356 1847 437 1880 eversu
447 1831 478 1880 ob
489 1829 606 1894 Pergama
614 1831 725 1886 Teucros,

136 1897 170 1944 Et
180 1913 262 1961 purnes
273 1895 391 1952 Dsnsdm.
402 1904 427 1945 et
438 1894 524 1945 deserti
534 1894 642 1959 eonjugis
651 1895 706 1952 irss,

28 1987 30 1992 ·
136 1959 305 2017 Proemeruens,
314 1961 391 2026 Trojae
403 1969 427 2010 et
438 1960 519 2026 pstriae
531 1959 661 2010 communis
671 1961 784 2026 Erinnys,

135 2025 270 2075 Abdiderst
279 2041 336 2080 sese.
348 2035 419 2092 utque
430 2027 476 2076 sris
486 2026 562 2076 inrisu
572 2027 676 2076 sedebat.

136 2091 253 2140 Exarsere
262 2086 329 2155 ignes
340 2091 417 2141 animo
423 2109 431 2153 ;
447 2091 511 2142 su'bit
520 2091 557 2141 ir's
566 2092 691 2142 sedentem
763 2089 811 2140 575

136 2156 226 2206 Ulcisci
237 2156 345 2220 patrium,
356 2165 381 2206 et
390 2157 514 2206 scelemtss
525 2172 615 2206 sumere
626 2172 714 2221 poeuus.

136 2221 232 2271 Scilicet
242 2223 293 2272 hec
304 2221 413 2285 Spartam
422 2222 545 2272 incolumis
552 2222 687 2286 pastusque
695 2221 812 2286 Mycenes

136 2286 269 2364 Adspiciet,
280 2293 393 2351 partoque
404 2287 448 2338 ibit
458 2288 540 2352 regins
550 2286 685 2350 triumpho?

138 2353 336 2419 ConJugiumque
351 2353 501 2418 domumque,
516 2358 603 2417 patres.
621 2360 735 2418 nutusque
747 2349 814 2398 vide·

235 2419 277 2475 lut,

138 2481 242 2533 Iliadum
252 2481 322 2533 turbt
332 2489 358 2532 et
368 2481 479 2548 Phrygiis
489 2479 600 2531 eomitsts
609 2481 734 2532 ministris?
765 2479 815 2532 580
891 2555 892 2560 1

139 2546 261 2598 Occiderit
272 2551 334 2598 ferro
344 2547 468 2598 Ptismus?
484 2548 557 2614 'Iiojs
567 2548 650 2597 urserit
662 2547 730 2613 igni?

139 2610 289 2666 Dsrdsuiuru
299 2612 368 2666 toties
377 2613 466 2666 sudlrit
477 2613 593 2681 unguine
602 2613 675 2666 lituu?
