1888 2924
168 124 216 170 m
354 113 519 166 AENEIDOS
535 117 592 166 Lru.
603 115 649 166 lX.

165 239 279 290 Rectores
287 241 403 306 juvenum
414 247 439 287 et
448 254 528 288 rerum
539 239 605 288 dedit
615 253 663 288 esse
671 241 802 304 magistrer.
826 247 832 254 '

166 307 250 354 Omnis
260 321 303 369 per
313 321 391 353 mutor
401 304 469 368 legio,
479 305 562 352 sortitu
571 304 690 368 periclum,

164 369 281 426 Excubat,
299 378 438 434 exercetque
453 369 523 426 vices,
538 369 601 434 quod
612 369 695 431 cuique
706 373 844 420 tenendum

260 444 301 483 eet.
790 441 843 486 125

197 499 270 547 Nitur
280 506 331 547 eret
340 505 414 562 porte
424 506 509 552 custos,
520 497 645 546 acerrimus
654 497 731 553 armis,
849 523 851 528 .

164 563 319 626 Hyrtacides3
334 563 443 612 comitem
453 561 535 611 AEueue
544 579 614 626 quern
624 563 716 610 miseret
728 564 775 611 Ide

163 627 287 684 venatrix,
294 627 375 693 jeeulo
385 628 484 676 celerem
495 626 631 692 levibusque
641 627 730 690 regittis
736 645 743 688 ς

163 690 196 738 Et
203 691 274 755 juxte
284 708 361 742 comes
373 691 497 756 Euryalus,
508 706 555 753 quo
567 691 669 756 pulcrior
679 691 738 740 ulter

161 755 189 806 N
190 769 221 804 on
232 759 276 806 fuit
286 757 426 811 AEneudurm
436 756 539 819 Trojenu
548 772 625 820 neque
635 755 712 805 induit
722 773 802 820 arma;

164 821 215 868 Ore
226 838 285 886 puer
295 823 370 886 primb
380 822 474 885 signans
483 821 577 869 intuma
582 821 688 885 juventi.
786 830 835 877 181

164 885 210 934 His
220 901 285 936 amur
295 903 356 935 unus
366 895 423 941 eret,
434 885 568 950 pariterque
577 885 603 932 in
613 885 674 933 belle
684 887 783 935 ruebant
789 907 797 947 ;

163 950 224 998 Tum
234 967 327 1016 quoque
337 949 454 1000 communi
464 958 556 1013 portum
566 949 665 998 untione
675 952 797 1002 tenebant.

164 1014 237 1063 Nisus
245 1017 286 1072 uit,
295 1017 360 1065 Dine
368 1017 431 1064 hunc
437 1015 543 1062 ardorem
551 1014 667 1062 mentibus
675 1016 774 1072 addunt,

161 1078 283 1144 Euryale?
300 1097 331 1129 an
342 1097 384 1128 rue
393 1080 478 1144 cuique
488 1080 547 1127 deus
558 1080 584 1128 lit
594 1080 647 1127 dire
656 1081 757 1144 cupido?
785 1087 834 1134 185

163 1141 214 1191 Aut
234 1161 346 1210 pugnem,
373 1153 413 1192 eut
433 1143 522 1206 aliquid
537 1143 588 1208 jum
609 1143 699 1192 dudum
721 1145 835 1198 invadere

260 1227 283 1258 nt
331 1227 370 1259 um

163 1271 235 1321 Mens
246 1226 399 1339 agilegtumibi3
414 1289 459 1323 nee
469 1273 563 1336 placidi
573 1281 683 1322 contenta
693 1274 771 1338 quiete
782 1283 825 1326 est.

163 1335 255 1395 Cernit,
264 1356 318 1404 quae
329 1340 431 1389 Rutulos
441 1339 527 1387 habeut
538 1339 625 1387 fiducie
634 1353 719 1386 rerum.

162 1399 266 1452 Lumine
274 1420 328 1452 rare
338 1405 437 1464 miceut3
452 1418 533 1450 somno
542 1404 643 1468 vinoque
653 1403 737 1467 sepulti

159 1464 312 1516 Procubuere
318 1487 326 1529 ;
342 1469 411 1516 silent
418 1469 465 1514 lete
474 1467 533 1516 loce.
565 1468 664 1531 Pereipe
675 1483 752 1531 porro,
784 1473 833 1519 190

163 1529 228 1585 Quid
239 1532 352 1586 dubitem,
362 1541 387 1578 et
396 1547 449 1594 quse
460 1546 524 1579 nuuc
534 1532 612 1580 uniruo
622 1534 738 1584 sententie
745 1541 831 1597 surgat.

162 1593 257 1642 AEneen
268 1595 341 1643 edciri
351 1607 439 1646 omnes,
450 1596 595 1658 populusque
606 1603 737 1660 putresque,

161 1655 300 1721 Erpotcunt
306 1678 314 1722 3
329 1659 436 1723 mittique
445 1658 514 1713 virus,
525 1659 565 1724 qui
576 1669 641 1707 certa
650 1669 778 1724 reportent

162 1721 187 1769 Si
198 1722 311 1787 tibique
323 1739 399 1788 poseo,
410 1724 549 1787 promittunt
558 1721 626 1786 (uum
636 1725 694 1772 mihi
702 1727 759 1774 faeti

162 1785 235 1836 Fame
245 1799 280 1837 tet
290 1789 339 1854 est)
348 1790 438 1838 tumulo
448 1789 529 1836 videor
539 1788 641 1850 reperire
651 1790 696 1836 tub
707 1790 747 1838 illo
783 1793 830 1842 195

161 1850 233 1901 Posse
243 1854 305 1902 viem
316 1856 346 1903 ed
357 1869 435 1902 muros
444 1862 468 1902 et
479 1853 564 1901 muenia
574 1849 703 1903 Pallantea.

162 1917 291 1980 Obstupuit
301 1934 385 1983 magno
396 1920 492 1966 laudum
504 1933 625 1982 percussus
635 1933 713 1966 umore

161 1978 293 2044 Euryelur;
310 1983 378 2031 simul
389 1984 425 2031 hie
435 1985 557 2032 ardentem
567 1983 661 2030 adfatur
671 1983 782 2032 amicumr

157 2042 236 2092 Mene
245 2045 317 2107 igitur
326 2048 415 2096 socium
423 2049 518 2096 summis
529 2048 657 2112 adjungere
668 2048 744 2102 rebus,

161 2105 229 2163 lttse
240 2109 316 2174 fugit?
333 2112 407 2160 reluru
417 2121 440 2160 te
451 2113 476 2159 in
488 2121 553 2160 tante
564 2111 668 2176 pericula
679 2111 781 2160 mittem?

157 2171 218 2220 Nou
226 2173 259 2220 ite
269 2189 306 2222 me
314 2177 413 2237 genitor,
425 2177 491 2225 bellis
502 2179 620 2233 adsuetus,
630 2177 652 2226 O
671 2175 743 2226 beltes
780 2179 824 2226 rot

161 2235 296 2301 Argolicum
304 2246 416 2288 terrorem
427 2241 489 2289 inter
500 2240 623 2305 Trojeque
633 2239 657 2287 le

161 2299 283 2350 Subletum
294 2304 395 2364 erudiit;
411 2319 455 2352 nec
466 2314 543 2352 tecum
554 2303 610 2351 tulin
619 2303 685 2366 gessi,

161 2365 341 2430 Magnanimum
351 2366 443 2415 AEueen
454 2377 478 2415 et
489 2370 649 2416 futeextreme
658 2373 757 2414 secutus.

156 2429 205 2479 ¹Eut
216 2432 262 2488 hie,
273 2441 309 2480 est
317 2431 407 2480 enimus
417 2432 476 2480 lucie
483 2439 619 2484 contemtor,
629 2438 654 2477 et
664 2430 733 2478 istum
781 2436 827 2485 905
919 2429 920 2440 ’

162 2495 210 2550 Qui
221 2496 271 2545 virt
282 2497 343 2546 bene
353 2497 433 2545 credat
444 2495 497 2550 emi,
508 2510 555 2559 quo
565 2493 651 2547 tendit,
661 2495 780 2544 honorem.

153 2557 236 2606 ·N'uue
246 2561 277 2607 ed
288 2562 353 2611 hee:
369 2561 485 2626 Equidem
491 2560 526 2607 de
537 2566 561 2606 te
571 2559 604 2606 nit
614 2558 661 2607 tale
671 2561 781 2622 verebur3

162 2619 274 2687 Nectu5
285 2640 341 2676 uon.
368 2627 408 2679 Itu
417 2624 552 2684 metefffll
560 2623 605 2674 fill
615 2633 825 2690 mmmmm
917 2669 918 2705 t
