1898 2934
291 215 292 222 ,
316 165 478 221 mnemon
493 167 548 217 ms.
561 167 613 217 111.
754 163 802 225 rso

128 298 190 355 Quae
197 293 289 344 Pbmbo
299 300 367 358 pater
374 293 529 356 omnipotens,
536 289 595 340 mibi
602 291 707 344 Plaoebus
714 293 801 360 Apollo

130 361 250 415 Predixit,
260 359 327 407 vobis
338 358 461 406 Furiarum
471 371 515 420 ego
525 356 627 405 maxims
637 360 724 421 pando.

129 425 223 474 Italiam
233 439 303 472 cursu
314 423 400 486 petitis,
409 421 531 486 ventisque
537 421 630 478 ‚vocaus

128 489 198 538 Ibitis
209 489 310 543 ltdiem,
322 495 448 552 portusque
458 486 546 534 bitrare
556 485 649 535 licebit:

130 554 177 602 Sed
187 568 236 601 non
247 561 302 601 ente
311 553 392 602 datam
403 551 500 614 cingetis
510 551 625 598 moenibus
636 552 725 609 urbem,
751 555 800 605 255

129 618 208 676 Quem
218 633 260 665 vos
270 617 323 666 dira
332 617 405 664 fumes
415 623 547 679 nostraeque
555 616 644 680 injuris
654 618 725 666 cedis

129 683 244 732 Ambesas
254 682 346 746 subigat
355 681 421 728 melis
432 681 552 728 absumere
563 695 661 729 mensas.

163 747 248 807 Dixit3
264 755 289 795 et
297 747 323 794 in
334 746 416 794 silvsm
426 745 510 809 prunis
520 743 599 792 ablata
609 746 702 809 refugit.
809 795 813 804 .

130 810 165 858 At
175 811 243 858 sociis
253 812 329 859 subiti.
337 811 427 875 gelidus
437 809 562 857 formidine
571 809 665 872 sanguis
752 809 800 864 259

131 874 252 939 Deriguit3
267 877 374 925 cecidere
384 874 470 934 auimi3
485 889 530 922 nec
537 874 588 938 jam
595 873 782 938 amplissumis,

131 939 178 988 Sed
189 941 248 989 aon'a
258 942 413 1006 precibusque
420 940 507 1004 jubent
516 953 642 1002 exposcere
652 955 742 1002 pacem,

130 1004 184 1054 Sive
195 1006 262 1061 Deae,
270 1021 311 1054 seu
322 1006 369 1054 sint
378 1005 436 1052 dirae
447 1003 599 1066 obscenaeque
608 1004 721 1052 volucres.

129 1069 162 1116 Et
173 1079 239 1133 pater
249 1069 372 1124 Anchises,
381 1069 455 1132 passis
464 1069 500 1116 de
506 1068 573 1116 litore
583 1067 672 1132 pumis,

112 1167 116 1176 .
129 1133 238 1182 Numine
247 1150 331 1197 megara
341 1141 417 1190 vocat,
428 1133 567 1197 meritosque
577 1133 661 1182 indicit
670 1135 783 1184 honores:

130 1197 175 1251 Dr,
186 1199 307 1262 prohibete
317 1199 403 1246 mbiae!
414 1198 458 1253 Di,
464 1198 535 1245 talem
543 1197 640 1248 avertite
648 1215 735 1256 omum,
751 1203 805 1252 265Ι

131 1261 165 1309 Et
175 1262 261 1325 placidi
272 1271 362 1311 servate
372 1263 435 1326 pios!
445 1263 512 1324 'Tum
522 1262 589 1310 litore
599 1262 680 1310 funem
800 1319 802 1326 y

131 1325 256 1389 Decipere,
263 1341 415 1390 excussosque
422 1327 493 1392 jubet
501 1327 581 1375 laxare
590 1329 708 1376 rudentes.

163 1391 275 1443 Tendunt
284 1392 339 1440 velo
348 1392 404 1440 Noti
413 1410 419 1439 ε
435 1392 532 1440 ferimur
539 1393 699 1456 spumantibus
708 1393 785 1451 undis,

131 1455 186 1512 Que
197 1471 294 1504 cursum
301 1465 429 1520 ventusque
440 1458 628 1522 gubernatorque
638 1459 761 1508 nocebant

130 1519 146 1570 J
148 1537 184 1568 am
196 1523 274 1570 medio
283 1523 381 1587 adparet
388 1523 461 1571 fluctu
469 1537 592 1571 nemorosa
597 1523 737 1589 Zacynthos,
753 1527 802 1575 270

131 1585 320 1652 Dulichiumque,
331 1588 452 1651 Sameque,
463 1595 488 1635 et
497 1588 593 1636 Neritos
604 1590 679 1638 ardua
687 1591 756 1640 saxis.

130 1649 262 1715 Effugimus
272 1653 378 1718 scopulos
389 1653 486 1707 Ithacae,
497 1653 593 1700 hestia
603 1667 683 1716 regna,
782 1667 783 1672 ’

131 1713 163 1762 Et
173 1723 258 1764 terram
269 1717 373 1765 altricem
383 1717 439 1766 sevi
449 1731 596 1764 exsecramur
606 1717 686 1766 Ulixi.⁴

130 1779 191 1827 Mox
202 1788 226 1828 et
236 1781 346 1831 leucam
357 1781 462 1828 nimbose
472 1779 594 1827 cacumina
604 1781 696 1836 montis,

131 1843 164 1893 Et
174 1844 314 1894 formidatus
321 1845 399 1894 nautis
409 1843 514 1908 aperitur
521 1841 613 1906 Apollo.
755 1842 803 1904 275

83 1942 85 1948 -
130 1908 204 1957 Hunc
215 1911 315 1973 petimus
326 1909 388 1964 fessi,
398 1917 422 1955 et
433 1923 511 1970 parvm
522 1907 667 1956 succedimus
677 1907 738 1957 urbi.

131 1971 228 2020 Ancora
237 1974 273 2021 de·
279 1976 347 2038 prorl
352 1973 455 2038 jacitur3
471 1980 533 2018 stant
543 1971 610 2020 litore
621 1987 721 2050 puppes.

164 2035 228 2100 Ergo
238 2037 357 2100 insperate
365 2037 462 2084 tandem
472 2035 555 2084 tellure
563 2036 647 2100 potitis

131 2101 315 2164 Lustramurque
324 2103 339 2151 J
340 2102 387 2155 ori,
396 2102 502 2162 votisque
512 2097 658 2151 incendimus
669 2119 735 2172 πως

132 2165 248 2230 Actiaque
259 2165 338 2213 Iliacis
347 2165 490 2212 celebremus
500 2165 569 2213 litora
579 2167 646 2216 ludis.
754 2173 803 2220 280

132 2231 252 2280 Exercent
262 2231 349 2294 patrias
360 2229 411 2276 oleo
422 2231 514 2277 labente
525 2232 643 2294 palaestrss

131 2295 225 2346 Nudati
236 2296 299 2344 socii.
324 2295 398 2345 Juvat
407 2296 507 2343 evasisse
516 2303 553 2344 tot
564 2297 633 2346 urbes

132 2359 260 2424 Argolicas,
269 2361 404 2424 mediosque
414 2361 494 2424 iugum
504 2361 606 2410 tenuisse
617 2377 660 2426 per
670 2363 755 2410 hortea
809 2363 813 2373 '

132 2423 228 2474 Interes
238 2441 347 2490 magum
359 2425 591 2474 solcircumsolvitur
601 2441 697 2482 annum.

133 2487 167 2535 Et
176 2489 278 2551 glacialis
290 2492 363 2539 hiems
374 2492 520 2554 aquilonibus
531 2497 623 2553 asperet
633 2491 715 2535 nudes.
757 2493 803 2540 285

132 2549 190 2600 AEre
200 2568 258 2603 cero
268 2556 377 2619 clipeum,
388 2557 466 2620 magni
477 2562 595 2619 gestamen
606 2552 714 2606 Abantis,

133 2613 243 2666 Postibus
253 2620 355 2668 adversb
366 2621 453 2682 signet
464 2635 514 2667 reru
525 2617 628 2667 carmine
638 2615 718 2678 signo:

135 2694 225 2730 AENEAS
233 2697 293 2731 ’11Εο
306 2699 340 2734 DE
353 2695 725 2734 ΏΔΝΑΙΜῙΟΤΟΒΙΉῊἊΜΑ.
798 2691 799 2696 ’

515 2755 518 2760 “
599 2759 615 2790 0
