1898 2934
116 128 164 174 116
308 119 470 172 AENEIDOS
486 123 544 172 Lru.
556 121 593 172 11.

114 245 179 309 Ergo
189 243 265 292 omnic
275 245 345 308 longo
356 245 425 294 solvit
436 261 460 294 ee
471 245 572 294 Teucria
582 245 654 293 luctu.

113 309 257 358 Penduntur
267 318 356 373 portae5
368 309 440 374 juvet
449 311 492 364 ire,
503 318 528 357 et
539 310 629 358 Dorice
638 316 715 358 cerne

114 374 274 438 Desertoeque
284 373 366 423 videre
377 375 440 423 locoe
451 375 551 438 litusque
562 373 675 422 relictum.

114 437 163 488 Hic
174 439 295 502 Dolopum
305 455 396 496 menne,
410 439 449 489 hic
461 455 536 488 revue
546 439 659 488 tendebat
670 435 790 498 Achilleo3

116 502 236 552 Cleeribue
246 503 285 552 hic
296 504 376 565 locus3
391 504 431 553 hic
442 504 492 552 ecie
503 511 594 552 certare
604 504 717 552 colebant.
756 504 790 551 80

28 595 29 598 =
115 566 175 618 Pero
186 577 265 632 stupet
276 568 382 634 innupte
393 571 483 618 donum
493 569 588 617 exitiale
598 569 725 622 Minervae,

114 631 149 680 Et
159 634 244 682 molem
255 633 370 683 mirentur
380 633 451 699 equi;
467 633 601 700 primusque
611 634 747 699 'l'thoetes

114 697 181 746 Duol
191 697 254 748 intre
264 715 342 748 muros
352 701 468 762 hortetur,
481 706 506 747 et
516 715 570 747 erce
580 698 667 760 loceri3

113 759 170 810 Sive
180 762 242 820 dolo,
254 779 295 814 ceu
302 765 355 830 jem
364 765 442 829 Troje
453 765 486 812 sic
497 764 548 811 feta
558 763 673 811 ferebant.

112 825 149 876 At
159 827 249 894 Capys,
259 839 284 880 et
293 846 394 895 quorum
404 829 486 877 melior
493 827 611 876 sententie
621 827 703 882 menti,
757 828 789 876 35

111 890 165 940 Aut
176 895 259 960 pelago
271 894 382 944 Denedm
393 893 490 942 insidier
501 900 656 956 suspectaque
667 893 732 940 done

112 954 267 1023 Praecipitare
274 960 369 1025 jubent,
380 957 522 1024 subjectione
534 973 601 1005 urere
611 956 726 1018 flemmie3

112 1019 164 1070 Aut
175 1025 295 1074 terebrare
304 1039 374 1073 cevee
385 1024 447 1072 uteri
456 1029 482 1071 et
491 1028 584 1072 tentare
594 1023 702 1070 letebree.

112 1084 235 1138 Scinditur
245 1089 361 1139 incertum
373 1089 452 1137 cordio
462 1087 488 1136 in
498 1087 617 1136 contrarie
627 1086 716 1152 volgus.

146 1151 241 1203 Primus
250 1154 284 1204 ibi
296 1162 352 1202 ente
361 1168 450 1210 omnen
457 1153 543 1216 magni
551 1152 679 1201 comitmtc
687 1148 791 1205 catervi·

114 1214 227 1266 Laocoon
238 1220 324 1268 urdene
333 1219 425 1268 cummi
435 1218 541 1268 decurrit
551 1218 582 1266 ab
592 1233 661 1282 erco3
757 1217 790 1266 41

114 1279 148 1330 Et
158 1283 249 1346 procul,
260 1284 282 1335 0
294 1284 380 1339 mimi,
391 1301 445 1350 qure
455 1291 524 1333 tecte
532 1283 633 1339 menie,
643 1281 723 1332 cives?

113 1344 218 1396 Creditis
228 1356 321 1398 evectos
332 1349 426 1399 hoster?
442 1356 485 1398 eut
495 1348 544 1396 ulle
554 1349 643 1412 putetis

112 1408 187 1460 Dona
196 1427 277 1462 cerere
287 1413 347 1461 dolie
358 1413 485 1462 Danaum?
502 1412 535 1460 cio
545 1420 617 1461 notor
626 1411 726 1463 Ulixen?

112 1473 165 1523 Aut
175 1477 220 1524 hoc
231 1477 315 1525 inclusi
325 1477 390 1539 ligno
400 1477 549 1526 occultantur
560 1476 655 1532 Achivi,
756 1473 790 1522 45

112 1537 165 1586 Aut
175 1540 227 1588 brec
236 1541 262 1588 in
273 1549 364 1587 nocuos
375 1540 490 1588 {ebriata
500 1548 539 1588 eet
546 1539 657 1588 machine
665 1551 753 1593 muron,

113 1601 256 1668 Inspectum
265 1605 354 1659 domoc,
363 1612 511 1668 venturoque
522 1605 625 1668 desuper
634 1603 687 1652 urbi
695 1620 703 1663 ;

111 1667 164 1715 Aut
174 1667 258 1746 uliqu‘n
268 1668 326 1718 letet
335 1682 407 1717 error.
435 1669 505 1734 Equo
515 1684 546 1716 ne
556 1667 654 1725 credite,
663 1663 757 1718 Teucri.

113 1731 237 1797 Quidquid
247 1735 272 1782 id
283 1741 327 1790 eet,
336 1733 408 1782 timeo
419 1733 517 1782 Deueoe
527 1740 552 1782 et
562 1733 626 1781 done
636 1734 747 1783 lecenter.

113 1795 153 1846 Sic
164 1797 234 1856 lettre,
244 1799 328 1849 relidit
339 1798 460 1864 ingentem
470 1799 559 1848 viribus
569 1799 662 1847 buttem
757 1798 792 1847 50

113 1859 146 1908 In
157 1861 226 1920 letus,
236 1865 308 1978 ineque
318 1865 363 1912 leri
374 1877 471 1914 curvum
481 1863 628 1928 conpagibus
638 1864 726 1918 alvum»

113 1923 241 1980 contorsit.
288 1930 341 1978 tetit
350 1929 392 1977 ille
401 1939 511 1986 tremens,
523 1936 638 1992 uteroque
647 1940 745 1977 reeueeu

112 1989 244 2042 Insonuere
255 2011 320 2043 covoe
331 1995 490 2060 gemitumque
500 1995 589 2043 dedere
598 2008 713 2044 coverne.

113 2053 185 2110 Emi
196 2058 246 2106 lete
256 2057 344 2114 Dedin,
355 2057 374 2106 ei
385 2070 511 2110 mene'uon
522 2060 582 2108 lreve
592 2059 683 2116 inient,

112 2117 245 2184 Inpuleret,
255 2124 318 2172 ferro
329 2121 452 2186 Argolicae
462 2127 552 2175 ledere
561 2124 664 2173 latebrae
670 2143 679 2186 3
734 2140 739 2146 ’
759 2124 792 2172 5⁵

112 2183 239 2252 Trojeqoe,
249 2203 314 2236 nunc
322 2195 403 2244 duee,
411 2189 547 2257 Priamique
555 2205 598 2237 err
606 2190 662 2246 alte,
672 2187 790 2237 manea!

145 2249 217 2308 Ecce,
223 2269 307 2302 menne
309 2253 424 2317 juvenem
430 2255 523 2306 intereo
529 2261 581 2319 poet
586 2262 654 2318 terge
659 2253 790 2303 revinctum

113 2313 223 2366 Pactoree
233 2333 319 2384 meguo
330 2317 361 2365 ed
372 2315 452 2382 regem
464 2322 566 2370 clamore
576 2319 703 2367 trehebent

112 2378 275 2447 Dudenid1e3
290 2381 331 2450 qui
341 2397 366 2430 tc
376 2383 485 2447 ignotum
494 2383 646 2434 venientibus
657 2383 726 2437 ultro,
758 2382 791 2430 59

114 2442 168 2494 Hoc
179 2447 256 2512 ipsum
267 2458 295 2498 ut
304 2455 413 2503 strueret,
423 2449 567 2515 Trojemque
575 2448 678 2512 aperiret
685 2445 793 2502 Achivis,

115 2505 249 2572 Obtuleret,
259 2516 335 2564 fidene
346 2512 426 2570 enimi,
437 2525 508 2580 etque
518 2517 545 2562 in
555 2519 681 2579 utrumque
688 2519 792 2578 peretue

114 2573 163 2621 Seu
172 2593 266 2629 verrere
277 2581 352 2636 dolos,
360 2593 402 2628 eeu
412 2589 483 2630 certe
494 2578 635 2631 occumbere
649 2579 727 2630 morti.

113 2638 230 2708 Undique
236 2644 330 2700 decedi
340 2645 418 2695 erudio
427 2647 533 2714 Trojano
540 2645 656 2712 juventur
