<?xml version="1.0" encoding="UTF-8"?>
<!DOCTYPE html PUBLIC "-//W3C//DTD XHTML 1.0 Transitional//EN"
    "http://www.w3.org/TR/xhtml1/DTD/xhtml1-transitional.dtd">
<html xmlns="http://www.w3.org/1999/xhtml" xml:lang="en" lang="en">
 <head>
  <title>
</title>
<meta http-equiv="Content-Type" content="text/html;charset=utf-8" />
  <meta name='ocr-system' content='tesseract 3.04.00' />
  <meta name='ocr-capabilities' content='ocr_page ocr_carea ocr_par ocr_line ocrx_word'/>
</head>
<body>
  <div class='ocr_page' id='page_1' title='image "./opera00heyngoog/opera00heyngoog_0176.png"; bbox 0 0 1898 2934; ppageno 0'>
   <div class='ocr_carea' id='block_1_1' title="bbox 323 131 809 182">
    <p class='ocr_par' dir='ltr' id='par_1_1' title="bbox 323 131 809 182">
     <span class='ocr_line' id='line_1_1' title="bbox 323 131 809 182; baseline -0.008 0"><span class='ocrx_word' id='word_1_1' title='bbox 323 131 485 182; x_wconf 84' lang='lat' dir='ltr'>AENEIDOS</span> <span class='ocrx_word' id='word_1_2' title='bbox 501 131 557 180; x_wconf 84' lang='lat' dir='ltr'><strong>Lre.</strong></span> <span class='ocrx_word' id='word_1_3' title='bbox 568 132 615 182; x_wconf 88' lang='lat' dir='ltr'><strong>IV.</strong></span> <span class='ocrx_word' id='word_1_4' title='bbox 761 135 809 182; x_wconf 79' lang='lat'><strong>165</strong></span> 
     </span>
    </p>
   </div>
   <div class='ocr_carea' id='block_1_2' title="bbox 141 247 803 319">
    <p class='ocr_par' dir='ltr' id='par_1_2' title="bbox 141 247 803 319">
     <span class='ocr_line' id='line_1_2' title="bbox 141 247 803 319; baseline 0 -17"><span class='ocrx_word' id='word_1_5' title='bbox 141 247 271 304; x_wconf 79' lang='lat' dir='ltr'><strong>Plnllerum</strong></span> <span class='ocrx_word' id='word_1_6' title='bbox 281 257 353 319; x_wconf 82' lang='lat' dir='ltr'><strong>&#39;ceput</strong></span> <span class='ocrx_word' id='word_1_7' title='bbox 363 263 388 304; x_wconf 89' lang='lat' dir='ltr'><strong>et</strong></span> <span class='ocrx_word' id='word_1_8' title='bbox 397 262 469 303; x_wconf 81' lang='lat' dir='ltr'><strong>vento</strong></span> <span class='ocrx_word' id='word_1_9' title='bbox 479 253 585 317; x_wconf 75' lang='lat' dir='ltr'><strong>pulsatur</strong></span> <span class='ocrx_word' id='word_1_10' title='bbox 594 259 619 300; x_wconf 89' lang='lat' dir='ltr'><strong>et</strong></span> <span class='ocrx_word' id='word_1_11' title='bbox 628 251 697 300; x_wconf 87' lang='lat' dir='ltr'><strong>imbri</strong></span> <span class='ocrx_word' id='word_1_12' title='bbox 705 270 713 313; x_wconf 68' lang='grc' dir='ltr'>ς</span> <span class='ocrx_word' id='word_1_13' title='bbox 800 269 803 276; x_wconf 87' lang='grc'><strong>’</strong></span> 
     </span>
    </p>
   </div>
   <div class='ocr_carea' id='block_1_3' title="bbox 104 317 882 2710">
    <p class='ocr_par' dir='ltr' id='par_1_3' title="bbox 133 317 809 1417">
     <span class='ocr_line' id='line_1_3' title="bbox 140 317 807 382; baseline 0.001 -13"><span class='ocrx_word' id='word_1_14' title='bbox 140 319 191 368; x_wconf 79' lang='lat' dir='ltr'><strong>Nix</strong></span> <span class='ocrx_word' id='word_1_15' title='bbox 203 320 309 368; x_wconf 81' lang='lat' dir='ltr'>humeros</span> <span class='ocrx_word' id='word_1_16' title='bbox 318 320 397 367; x_wconf 80' lang='lat' dir='ltr'><strong>inluso</strong></span> <span class='ocrx_word' id='word_1_17' title='bbox 407 319 479 382; x_wconf 79' lang='lat' dir='ltr'><strong>teglt3</strong></span> <span class='ocrx_word' id='word_1_18' title='bbox 495 325 545 365; x_wconf 91' lang='lat' dir='ltr'><strong>tum</strong></span> <span class='ocrx_word' id='word_1_19' title='bbox 556 317 654 366; x_wconf 78' lang='lat' dir='ltr'><strong>flumine</strong></span> <span class='ocrx_word' id='word_1_20' title='bbox 663 325 743 366; x_wconf 88' lang='lat' dir='ltr'><strong>mento</strong></span> <span class='ocrx_word' id='word_1_21' title='bbox 759 321 807 369; x_wconf 75' lang='grc'><strong>250</strong></span> 
     </span>
     <span class='ocr_line' id='line_1_4' title="bbox 140 382 757 448; baseline -0.005 -15"><span class='ocrx_word' id='word_1_22' title='bbox 140 383 292 448; x_wconf 74' lang='lat' dir='ltr'><strong>Praecipitant</strong></span> <span class='ocrx_word' id='word_1_23' title='bbox 302 385 371 439; x_wconf 86' lang='lat' dir='ltr'><strong>senis,</strong></span> <span class='ocrx_word' id='word_1_24' title='bbox 382 393 407 431; x_wconf 89' lang='lat' dir='ltr'><strong>et</strong></span> <span class='ocrx_word' id='word_1_25' title='bbox 417 382 490 446; x_wconf 79' lang='lat' dir='ltr'><strong>glaeie</strong></span> <span class='ocrx_word' id='word_1_26' title='bbox 500 382 561 444; x_wconf 80' lang='lat' dir='ltr'><strong>riget</strong></span> <span class='ocrx_word' id='word_1_27' title='bbox 571 383 666 430; x_wconf 85' lang='lat' dir='ltr'><strong>horride</strong></span> <span class='ocrx_word' id='word_1_28' title='bbox 676 383 757 431; x_wconf 73' lang='lat' dir='ltr'><strong>barbe.</strong></span> 
     </span>
     <span class='ocr_line' id='line_1_5' title="bbox 139 445 676 513; baseline -0.004 -16"><span class='ocrx_word' id='word_1_29' title='bbox 139 447 187 497; x_wconf 80' lang='lat' dir='ltr'><strong>Hic</strong></span> <span class='ocrx_word' id='word_1_30' title='bbox 197 449 296 513; x_wconf 85' lang='lat' dir='ltr'><strong>primum</strong></span> <span class='ocrx_word' id='word_1_31' title='bbox 308 449 403 512; x_wconf 80' lang='lat' dir='ltr'><strong>paribus</strong></span> <span class='ocrx_word' id='word_1_32' title='bbox 414 449 492 495; x_wconf 87' lang='lat' dir='ltr'><strong>nitens</strong></span> <span class='ocrx_word' id='word_1_33' title='bbox 502 445 623 509; x_wconf 88' lang='lat' dir='ltr'><strong>Cyllenius</strong></span> <span class='ocrx_word' id='word_1_34' title='bbox 634 447 676 495; x_wconf 87' lang='lat' dir='ltr'><strong>elis</strong></span> 
     </span>
     <span class='ocr_line' id='line_1_6' title="bbox 138 511 780 574; baseline -0.002 -12"><span class='ocrx_word' id='word_1_35' title='bbox 138 511 262 562; x_wconf 82' lang='lat' dir='ltr'><strong>Constitit:</strong></span> <span class='ocrx_word' id='word_1_36' title='bbox 279 514 335 561; x_wconf 84' lang='lat' dir='ltr'><strong>hine</strong></span> <span class='ocrx_word' id='word_1_37' title='bbox 346 519 395 559; x_wconf 88' lang='lat' dir='ltr'><strong>toto</strong></span> <span class='ocrx_word' id='word_1_38' title='bbox 405 525 510 574; x_wconf 83' lang='lat' dir='ltr'><strong>praeoeps</strong></span> <span class='ocrx_word' id='word_1_39' title='bbox 520 525 546 557; x_wconf 86' lang='lat' dir='ltr'><strong>se</strong></span> <span class='ocrx_word' id='word_1_40' title='bbox 555 525 652 572; x_wconf 83' lang='lat' dir='ltr'><strong>corpore</strong></span> <span class='ocrx_word' id='word_1_41' title='bbox 663 511 693 560; x_wconf 86' lang='lat' dir='ltr'><strong>ed</strong></span> <span class='ocrx_word' id='word_1_42' title='bbox 705 511 780 560; x_wconf 85' lang='lat' dir='ltr'><strong>uudss</strong></span> 
     </span>
     <span class='ocr_line' id='line_1_7' title="bbox 137 573 719 639; baseline -0.002 -13"><span class='ocrx_word' id='word_1_43' title='bbox 137 575 220 639; x_wconf 87' lang='lat' dir='ltr'><strong>Misit;</strong></span> <span class='ocrx_word' id='word_1_44' title='bbox 236 578 275 626; x_wconf 86' lang='lat' dir='ltr'><strong>uri</strong></span> <span class='ocrx_word' id='word_1_45' title='bbox 286 577 372 631; x_wconf 84' lang='lat' dir='ltr'><strong>similis,</strong></span> <span class='ocrx_word' id='word_1_46' title='bbox 383 591 435 638; x_wconf 81' lang='lat' dir='ltr'><strong>quae</strong></span> <span class='ocrx_word' id='word_1_47' title='bbox 446 575 535 622; x_wconf 86' lang='lat' dir='ltr'><strong>circum</strong></span> <span class='ocrx_word' id='word_1_48' title='bbox 545 573 620 629; x_wconf 86' lang='lat' dir='ltr'><strong>litore,</strong></span> <span class='ocrx_word' id='word_1_49' title='bbox 631 575 719 625; x_wconf 86' lang='lat' dir='ltr'><strong>circum</strong></span> 
     </span>
     <span class='ocr_line' id='line_1_8' title="bbox 137 639 807 704; baseline -0.001 -14"><span class='ocrx_word' id='word_1_50' title='bbox 137 640 243 692; x_wconf 76' lang='lat' dir='ltr'><strong>Piscosos</strong></span> <span class='ocrx_word' id='word_1_51' title='bbox 254 641 368 704; x_wconf 84' lang='lat' dir='ltr'><strong>scopulos,</strong></span> <span class='ocrx_word' id='word_1_52' title='bbox 379 639 472 687; x_wconf 85' lang='lat' dir='ltr'><strong>humilis</strong></span> <span class='ocrx_word' id='word_1_53' title='bbox 482 639 545 686; x_wconf 81' lang='lat' dir='ltr'><strong>volut</strong></span> <span class='ocrx_word' id='word_1_54' title='bbox 556 652 649 700; x_wconf 71' lang='lat' dir='ltr'><strong>equore</strong></span> <span class='ocrx_word' id='word_1_55' title='bbox 655 640 731 703; x_wconf 80' lang='lat' dir='ltr'><strong>juxte.</strong></span> <span class='ocrx_word' id='word_1_56' title='bbox 759 643 807 693; x_wconf 79' lang='lat'><strong>255</strong></span> 
     </span>
     <span class='ocr_line' id='line_1_9' title="bbox 137 702 725 767; baseline -0.003 -12"><span class='ocrx_word' id='word_1_57' title='bbox 137 705 231 755; x_wconf 70' lang='lat' dir='ltr'><strong>*Haud</strong></span> <span class='ocrx_word' id='word_1_58' title='bbox 241 705 312 753; x_wconf 84' lang='lat' dir='ltr'><strong>sliter</strong></span> <span class='ocrx_word' id='word_1_59' title='bbox 322 713 398 762; x_wconf 79' lang='lat' dir='ltr'><strong>terres</strong></span> <span class='ocrx_word' id='word_1_60' title='bbox 405 704 467 752; x_wconf 87' lang='lat' dir='ltr'><strong>inter</strong></span> <span class='ocrx_word' id='word_1_61' title='bbox 478 703 608 766; x_wconf 88' lang='lat' dir='ltr'><strong>coelumque</strong></span> <span class='ocrx_word' id='word_1_62' title='bbox 618 702 711 753; x_wconf 78' lang='lat' dir='ltr'>volabat</span> <span class='ocrx_word' id='word_1_63' title='bbox 717 725 725 767; x_wconf 92' lang='lat'>;</span> 
     </span>
     <span class='ocr_line' id='line_1_10' title="bbox 136 768 696 834; baseline -0.013 -12"><span class='ocrx_word' id='word_1_64' title='bbox 136 769 227 822; x_wconf 70' lang='lat' dir='ltr'><strong>*Litus</strong></span> <span class='ocrx_word' id='word_1_65' title='bbox 237 783 359 820; x_wconf 72' lang='lat' dir='ltr'><strong>menosnm</strong></span> <span class='ocrx_word' id='word_1_66' title='bbox 370 769 453 834; x_wconf 76' lang='lat' dir='ltr'><strong>Libye</strong></span> <span class='ocrx_word' id='word_1_67' title='bbox 465 778 592 830; x_wconf 81' lang='lat' dir='ltr'><strong>ventosque</strong></span> <span class='ocrx_word' id='word_1_68' title='bbox 603 768 696 816; x_wconf 78' lang='lat' dir='ltr'><strong>secubet</strong></span> 
     </span>
     <span class='ocr_line' id='line_1_11' title="bbox 136 832 687 898; baseline -0.007 -14"><span class='ocrx_word' id='word_1_69' title='bbox 136 832 271 884; x_wconf 74' lang='lat' dir='ltr'><strong>&#39;Materno</strong></span> <span class='ocrx_word' id='word_1_70' title='bbox 280 835 377 884; x_wconf 88' lang='lat' dir='ltr'><strong>veniens</strong></span> <span class='ocrx_word' id='word_1_71' title='bbox 388 835 419 882; x_wconf 82' lang='lat' dir='ltr'><strong>ab</strong></span> <span class='ocrx_word' id='word_1_72' title='bbox 429 849 474 882; x_wconf 83' lang='lat' dir='ltr'><strong>suo</strong></span> <span class='ocrx_word' id='word_1_73' title='bbox 484 832 593 898; x_wconf 80' lang='lat' dir='ltr'><strong>Cyllenie</strong></span> <span class='ocrx_word' id='word_1_74' title='bbox 604 832 687 894; x_wconf 88' lang='lat' dir='ltr'><strong>proles.</strong></span> 
     </span>
     <span class='ocr_line' id='line_1_12' title="bbox 136 897 808 964; baseline -0.009 -14"><span class='ocrx_word' id='word_1_75' title='bbox 136 899 171 950; x_wconf 85' lang='lat' dir='ltr'><strong>Ut</strong></span> <span class='ocrx_word' id='word_1_76' title='bbox 181 898 282 964; x_wconf 75' lang='lat' dir='ltr'><strong>primunr</strong></span> <span class='ocrx_word' id='word_1_77' title='bbox 294 900 360 948; x_wconf 79' lang='lat' dir='ltr'><strong>alatis</strong></span> <span class='ocrx_word' id='word_1_78' title='bbox 370 898 446 962; x_wconf 74' lang='lat' dir='ltr'><strong>tetigit</strong></span> <span class='ocrx_word' id='word_1_79' title='bbox 456 898 555 962; x_wconf 79' lang='lat' dir='ltr'><strong>megalis</strong></span> <span class='ocrx_word' id='word_1_80' title='bbox 566 897 659 960; x_wconf 81' lang='lat' dir='ltr'><strong>plantis,</strong></span> <span class='ocrx_word' id='word_1_81' title='bbox 806 941 808 945; x_wconf 84' lang='grc'><strong>,</strong></span> 
     </span>
     <span class='ocr_line' id='line_1_13' title="bbox 135 964 807 1018; baseline -0.004 -5"><span class='ocrx_word' id='word_1_82' title='bbox 135 964 231 1018; x_wconf 81' lang='lat' dir='ltr'><strong>AEneun</strong></span> <span class='ocrx_word' id='word_1_83' title='bbox 242 966 381 1014; x_wconf 73' lang='lat' dir='ltr'><strong>fundantem</strong></span> <span class='ocrx_word' id='word_1_84' title='bbox 391 979 457 1012; x_wconf 85' lang='lat' dir='ltr'><strong>eroes</strong></span> <span class='ocrx_word' id='word_1_85' title='bbox 468 979 494 1012; x_wconf 80' lang='lat' dir='ltr'><strong>ue</strong></span> <span class='ocrx_word' id='word_1_86' title='bbox 505 969 568 1012; x_wconf 79' lang='lat' dir='ltr'><strong>tectu</strong></span> <span class='ocrx_word' id='word_1_87' title='bbox 579 969 705 1010; x_wconf 85' lang='lat' dir='ltr'><strong>uouentem</strong></span> <span class='ocrx_word' id='word_1_88' title='bbox 759 966 807 1010; x_wconf 75' lang='lat'><strong>260</strong></span> 
     </span>
     <span class='ocr_line' id='line_1_14' title="bbox 133 1026 695 1095; baseline -0.007 -17"><span class='ocrx_word' id='word_1_89' title='bbox 133 1027 274 1095; x_wconf 58' lang='lat' dir='ltr'><strong>eonspioit5</strong></span> <span class='ocrx_word' id='word_1_90' title='bbox 289 1038 360 1094; x_wconf 84' lang='lat' dir='ltr'><strong>utque</strong></span> <span class='ocrx_word' id='word_1_91' title='bbox 370 1029 404 1077; x_wconf 87' lang='lat' dir='ltr'><strong>illi</strong></span> <span class='ocrx_word' id='word_1_92' title='bbox 416 1028 519 1076; x_wconf 72' lang='lat' dir='ltr'><strong>stellatus</strong></span> <span class='ocrx_word' id='word_1_93' title='bbox 529 1027 619 1090; x_wconf 81' lang='lat' dir='ltr'><strong>iaspide</strong></span> <span class='ocrx_word' id='word_1_94' title='bbox 631 1026 695 1074; x_wconf 73' lang='lat' dir='ltr'><strong>fulve</strong></span> 
     </span>
     <span class='ocr_line' id='line_1_15' title="bbox 135 1091 689 1160; baseline -0.005 -19"><span class='ocrx_word' id='word_1_95' title='bbox 135 1093 205 1142; x_wconf 77' lang='lat' dir='ltr'><strong>Ensis</strong></span> <span class='ocrx_word' id='word_1_96' title='bbox 215 1105 274 1150; x_wconf 79' lang='lat' dir='ltr'><strong>eret,</strong></span> <span class='ocrx_word' id='word_1_97' title='bbox 284 1095 403 1160; x_wconf 79' lang='lat' dir='ltr'><strong>Tyrioque</strong></span> <span class='ocrx_word' id='word_1_98' title='bbox 414 1093 511 1142; x_wconf 76' lang='lat' dir='ltr'><strong>ardebat</strong></span> <span class='ocrx_word' id='word_1_99' title='bbox 522 1092 610 1140; x_wconf 86' lang='lat' dir='ltr'><strong>murice</strong></span> <span class='ocrx_word' id='word_1_100' title='bbox 620 1091 689 1146; x_wconf 70' lang='lat' dir='ltr'><strong>lens,</strong></span> 
     </span>
     <span class='ocr_line' id='line_1_16' title="bbox 136 1156 809 1222; baseline -0.006 -16"><span class='ocrx_word' id='word_1_101' title='bbox 136 1156 245 1208; x_wconf 85' lang='lat' dir='ltr'><strong>Demisss</strong></span> <span class='ocrx_word' id='word_1_102' title='bbox 255 1176 286 1208; x_wconf 51' lang='lat' dir='ltr'><strong>ex¹</strong></span> <span class='ocrx_word' id='word_1_103' title='bbox 296 1160 414 1220; x_wconf 82' lang='lat' dir='ltr'><strong>humeris3</strong></span> <span class='ocrx_word' id='word_1_104' title='bbox 429 1159 495 1206; x_wconf 87' lang='lat' dir='ltr'><strong>dives</strong></span> <span class='ocrx_word' id='word_1_105' title='bbox 505 1173 557 1222; x_wconf 77' lang='lat' dir='ltr'><strong>que</strong></span> <span class='ocrx_word' id='word_1_106' title='bbox 569 1171 667 1204; x_wconf 75' lang='lat' dir='ltr'><strong>munere.</strong></span> <span class='ocrx_word' id='word_1_107' title='bbox 678 1157 742 1205; x_wconf 86' lang='lat' dir='ltr'><strong>Dido</strong></span> <span class='ocrx_word' id='word_1_108' title='bbox 801 1159 809 1202; x_wconf 67' lang='grc' dir='ltr'><strong>ι’</strong></span> 
     </span>
     <span class='ocr_line' id='line_1_17' title="bbox 135 1219 657 1282; baseline 0.004 -14"><span class='ocrx_word' id='word_1_109' title='bbox 135 1221 276 1278; x_wconf 61' lang='lat' dir='ltr'><strong>Fecerutret</strong></span> <span class='ocrx_word' id='word_1_110' title='bbox 286 1225 353 1272; x_wconf 87' lang='lat' dir='ltr'><strong>tenui</strong></span> <span class='ocrx_word' id='word_1_111' title='bbox 363 1222 421 1272; x_wconf 73' lang='lat' dir='ltr'><strong>telos</strong></span> <span class='ocrx_word' id='word_1_112' title='bbox 432 1219 577 1276; x_wconf 74' lang='lat' dir='ltr'><strong>discreverat</strong></span> <span class='ocrx_word' id='word_1_113' title='bbox 585 1237 657 1282; x_wconf 81' lang='lat' dir='ltr'><strong>outo3</strong></span> 
     </span>
     <span class='ocr_line' id='line_1_18' title="bbox 135 1285 806 1350; baseline -0.003 -16"><span class='ocrx_word' id='word_1_114' title='bbox 135 1285 255 1336; x_wconf 78' lang='lat' dir='ltr'><strong>(loutiuud</strong></span> <span class='ocrx_word' id='word_1_115' title='bbox 265 1289 368 1336; x_wconf 71' lang='lat' dir='ltr'><strong>invadit:</strong></span> <span class='ocrx_word' id='word_1_116' title='bbox 384 1289 421 1338; x_wconf 88' lang='lat' dir='ltr'><strong>Tu</strong></span> <span class='ocrx_word' id='word_1_117' title='bbox 429 1303 493 1336; x_wconf 86' lang='lat' dir='ltr'><strong>nunc</strong></span> <span class='ocrx_word' id='word_1_118' title='bbox 501 1286 654 1350; x_wconf 64' lang='lat' dir='ltr'><strong>Cartlugiuls</strong></span> <span class='ocrx_word' id='word_1_119' title='bbox 665 1285 719 1333; x_wconf 79' lang='lat' dir='ltr'><strong>sltae</strong></span> <span class='ocrx_word' id='word_1_120' title='bbox 759 1287 806 1333; x_wconf 75' lang='lat'><strong>265</strong></span> 
     </span>
     <span class='ocr_line' id='line_1_19' title="bbox 135 1350 756 1417; baseline -0.003 -19"><span class='ocrx_word' id='word_1_121' title='bbox 135 1350 301 1402; x_wconf 73' lang='lat' dir='ltr'><strong>Fundamenta</strong></span> <span class='ocrx_word' id='word_1_122' title='bbox 309 1353 379 1408; x_wconf 84' lang='lat' dir='ltr'><strong>locus,</strong></span> <span class='ocrx_word' id='word_1_123' title='bbox 390 1354 557 1417; x_wconf 80' lang='lat' dir='ltr'><strong>pulchrumque</strong></span> <span class='ocrx_word' id='word_1_124' title='bbox 568 1350 663 1400; x_wconf 79' lang='lat' dir='ltr'><strong>uxorius</strong></span> <span class='ocrx_word' id='word_1_125' title='bbox 673 1350 756 1398; x_wconf 83' lang='lat' dir='ltr'><strong>urbem</strong></span> 
     </span>
    </p>

    <p class='ocr_par' dir='ltr' id='par_1_4' title="bbox 104 1413 806 2122">
     <span class='ocr_line' id='line_1_20' title="bbox 104 1413 731 1482; baseline -0.005 -18"><span class='ocrx_word' id='word_1_126' title='bbox 104 1425 105 1429; x_wconf 76' lang='grc'>’</span> <span class='ocrx_word' id='word_1_127' title='bbox 135 1415 258 1466; x_wconf 85' lang='lat' dir='ltr'><strong>Exstruis?</strong></span> <span class='ocrx_word' id='word_1_128' title='bbox 275 1419 321 1466; x_wconf 87' lang='lat' dir='ltr'><strong>heu</strong></span> <span class='ocrx_word' id='word_1_129' title='bbox 332 1421 397 1482; x_wconf 79' lang='lat' dir='ltr'><strong>regui</strong></span> <span class='ocrx_word' id='word_1_130' title='bbox 408 1424 532 1482; x_wconf 72' lang='lat' dir='ltr'><strong>rerumque</strong></span> <span class='ocrx_word' id='word_1_131' title='bbox 543 1415 615 1465; x_wconf 86' lang='lat' dir='ltr'><strong>oblite</strong></span> <span class='ocrx_word' id='word_1_132' title='bbox 624 1413 731 1464; x_wconf 80' lang='lat' dir='ltr'><strong>tuarum!</strong></span> 
     </span>
     <span class='ocr_line' id='line_1_21' title="bbox 135 1480 683 1547; baseline 0.004 -19"><span class='ocrx_word' id='word_1_133' title='bbox 135 1480 192 1545; x_wconf 84' lang='lat' dir='ltr'><strong>Ipse</strong></span> <span class='ocrx_word' id='word_1_134' title='bbox 202 1481 281 1532; x_wconf 73' lang='lat' dir='ltr'><strong>Deum</strong></span> <span class='ocrx_word' id='word_1_135' title='bbox 291 1482 334 1532; x_wconf 85' lang='lat' dir='ltr'><strong>tibi</strong></span> <span class='ocrx_word' id='word_1_136' title='bbox 345 1499 383 1532; x_wconf 81' lang='lat' dir='ltr'><strong>me</strong></span> <span class='ocrx_word' id='word_1_137' title='bbox 393 1484 456 1547; x_wconf 84' lang='lat' dir='ltr'><strong>cluro</strong></span> <span class='ocrx_word' id='word_1_138' title='bbox 467 1482 569 1532; x_wconf 81' lang='lat' dir='ltr'><strong>demittit</strong></span> <span class='ocrx_word' id='word_1_139' title='bbox 580 1482 683 1546; x_wconf 84' lang='lat' dir='ltr'>Olympo</span> 
     </span>
     <span class='ocr_line' id='line_1_22' title="bbox 134 1544 749 1612; baseline -0.002 -18"><span class='ocrx_word' id='word_1_140' title='bbox 134 1544 263 1611; x_wconf 67' lang='lat' dir='ltr'><strong>Regnator,</strong></span> <span class='ocrx_word' id='word_1_141' title='bbox 274 1548 358 1606; x_wconf 73' lang='lat' dir='ltr'><strong>coelum</strong></span> <span class='ocrx_word' id='word_1_142' title='bbox 369 1556 393 1596; x_wconf 89' lang='lat' dir='ltr'><strong>et</strong></span> <span class='ocrx_word' id='word_1_143' title='bbox 403 1557 476 1597; x_wconf 82' lang='lat' dir='ltr'><strong>terres</strong></span> <span class='ocrx_word' id='word_1_144' title='bbox 486 1547 630 1612; x_wconf 66' lang='lat' dir='ltr'><strong>qulnum&#39;rne</strong></span> <span class='ocrx_word' id='word_1_145' title='bbox 640 1553 735 1610; x_wconf 85' lang='lat' dir='ltr'><strong>torquet</strong></span> <span class='ocrx_word' id='word_1_146' title='bbox 741 1562 749 1606; x_wconf 68' lang='grc' dir='ltr'>ς</span> 
     </span>
     <span class='ocr_line' id='line_1_23' title="bbox 134 1609 805 1678; baseline -0.003 -20"><span class='ocrx_word' id='word_1_147' title='bbox 134 1609 191 1674; x_wconf 86' lang='lat' dir='ltr'><strong>lpse</strong></span> <span class='ocrx_word' id='word_1_148' title='bbox 198 1613 317 1662; x_wconf 72' lang='lat' dir='ltr'><strong>hecferr&#39;e</strong></span> <span class='ocrx_word' id='word_1_149' title='bbox 321 1613 392 1678; x_wconf 88' lang='lat' dir='ltr'><strong>jubet</strong></span> <span class='ocrx_word' id='word_1_150' title='bbox 399 1614 486 1662; x_wconf 83' lang='lat' dir='ltr'><strong>celeres</strong></span> <span class='ocrx_word' id='word_1_151' title='bbox 493 1614 604 1661; x_wconf 78' lang='lat' dir='ltr'><strong>mandute</strong></span> <span class='ocrx_word' id='word_1_152' title='bbox 611 1627 654 1674; x_wconf 86' lang='lat' dir='ltr'><strong>per</strong></span> <span class='ocrx_word' id='word_1_153' title='bbox 661 1625 740 1658; x_wconf 79' lang='lat' dir='ltr'><strong>eures:</strong></span> <span class='ocrx_word' id='word_1_154' title='bbox 757 1613 805 1658; x_wconf 75' lang='lat'><strong>27⁰</strong></span> 
     </span>
     <span class='ocr_line' id='line_1_24' title="bbox 134 1673 782 1743; baseline -0.006 -18"><span class='ocrx_word' id='word_1_155' title='bbox 134 1676 200 1733; x_wconf 78' lang='lat' dir='ltr'><strong>Quid</strong></span> <span class='ocrx_word' id='word_1_156' title='bbox 210 1679 294 1740; x_wconf 80' lang='lat' dir='ltr'><strong>struis?</strong></span> <span class='ocrx_word' id='word_1_157' title='bbox 311 1685 353 1725; x_wconf 86' lang='lat' dir='ltr'><strong>sut</strong></span> <span class='ocrx_word' id='word_1_158' title='bbox 361 1679 407 1743; x_wconf 73' lang='lat' dir='ltr'><strong>qud</strong></span> <span class='ocrx_word' id='word_1_159' title='bbox 417 1693 458 1741; x_wconf 88' lang='lat' dir='ltr'><strong>spe</strong></span> <span class='ocrx_word' id='word_1_160' title='bbox 469 1677 565 1742; x_wconf 83' lang='lat' dir='ltr'><strong>Libycis</strong></span> <span class='ocrx_word' id='word_1_161' title='bbox 576 1677 631 1724; x_wconf 86' lang='lat' dir='ltr'><strong>teris</strong></span> <span class='ocrx_word' id='word_1_162' title='bbox 641 1676 689 1724; x_wconf 79' lang='lat' dir='ltr'><strong>otiu</strong></span> <span class='ocrx_word' id='word_1_163' title='bbox 699 1673 782 1722; x_wconf 79' lang='lat' dir='ltr'><strong>terris?</strong></span> 
     </span>
     <span class='ocr_line' id='line_1_25' title="bbox 134 1739 667 1802; baseline -0.004 -15"><span class='ocrx_word' id='word_1_164' title='bbox 134 1739 159 1787; x_wconf 90' lang='lat' dir='ltr'><strong>Si</strong></span> <span class='ocrx_word' id='word_1_165' title='bbox 170 1750 194 1790; x_wconf 92' lang='lat' dir='ltr'><strong>te</strong></span> <span class='ocrx_word' id='word_1_166' title='bbox 204 1742 269 1790; x_wconf 80' lang='lat' dir='ltr'><strong>nullo</strong></span> <span class='ocrx_word' id='word_1_167' title='bbox 279 1749 358 1790; x_wconf 87' lang='lat' dir='ltr'><strong>moret</strong></span> <span class='ocrx_word' id='word_1_168' title='bbox 368 1749 487 1789; x_wconf 79' lang='lat' dir='ltr'><strong>tentorum</strong></span> <span class='ocrx_word' id='word_1_169' title='bbox 497 1741 571 1802; x_wconf 79' lang='lat' dir='ltr'><strong>glorio</strong></span> <span class='ocrx_word' id='word_1_170' title='bbox 581 1753 667 1793; x_wconf 89' lang='lat' dir='ltr'><strong>rerum,</strong></span> 
     </span>
     <span class='ocr_line' id='line_1_26' title="bbox 132 1801 677 1871; baseline -0.011 -17"><span class='ocrx_word' id='word_1_171' title='bbox 132 1805 160 1854; x_wconf 87' lang='lat' dir='ltr'>N</span> <span class='ocrx_word' id='word_1_172' title='bbox 160 1821 187 1854; x_wconf 89' lang='lat' dir='ltr'><strong>ec</strong></span> <span class='ocrx_word' id='word_1_173' title='bbox 198 1821 268 1871; x_wconf 88' lang='lat' dir='ltr'><strong>super</strong></span> <span class='ocrx_word' id='word_1_174' title='bbox 277 1807 328 1870; x_wconf 88' lang='lat' dir='ltr'><strong>ipse</strong></span> <span class='ocrx_word' id='word_1_175' title='bbox 338 1806 379 1854; x_wconf 72' lang='lat' dir='ltr'><strong>tud</strong></span> <span class='ocrx_word' id='word_1_176' title='bbox 389 1805 476 1853; x_wconf 84' lang='lat' dir='ltr'><strong>moliris</strong></span> <span class='ocrx_word' id='word_1_177' title='bbox 486 1804 557 1852; x_wconf 81' lang='lat' dir='ltr'><strong>leude</strong></span> <span class='ocrx_word' id='word_1_178' title='bbox 567 1801 677 1856; x_wconf 73' lang='lat' dir='ltr'><strong>laborem,</strong></span> 
     </span>
     <span class='ocr_line' id='line_1_27' title="bbox 132 1865 682 1934; baseline -0.013 -17"><span class='ocrx_word' id='word_1_179' title='bbox 132 1869 262 1921; x_wconf 67' lang='lat' dir='ltr'><strong>nennium</strong></span> <span class='ocrx_word' id='word_1_180' title='bbox 272 1877 414 1934; x_wconf 75' lang='lat' dir='ltr'><strong>surgentem,</strong></span> <span class='ocrx_word' id='word_1_181' title='bbox 425 1877 450 1917; x_wconf 90' lang='lat' dir='ltr'><strong>et</strong></span> <span class='ocrx_word' id='word_1_182' title='bbox 460 1883 513 1931; x_wconf 87' lang='lat' dir='ltr'><strong>spes</strong></span> <span class='ocrx_word' id='word_1_183' title='bbox 523 1865 616 1914; x_wconf 87' lang='lat' dir='ltr'><strong>heredis</strong></span> <span class='ocrx_word' id='word_1_184' title='bbox 627 1865 682 1920; x_wconf 87' lang='lat' dir='ltr'><strong>lull,</strong></span> 
     </span>
     <span class='ocr_line' id='line_1_28' title="bbox 133 1928 806 1998; baseline -0.003 -16"><span class='ocrx_word' id='word_1_185' title='bbox 133 1933 245 1997; x_wconf 77' lang='lat' dir='ltr'><strong>Respice,</strong></span> <span class='ocrx_word' id='word_1_186' title='bbox 255 1935 294 1984; x_wconf 84' lang='lat' dir='ltr'><strong>cui</strong></span> <span class='ocrx_word' id='word_1_187' title='bbox 304 1950 402 1998; x_wconf 79' lang='lat' dir='ltr'><strong>regnum</strong></span> <span class='ocrx_word' id='word_1_188' title='bbox 413 1931 656 1993; x_wconf 55' lang='lat' dir='ltr'><strong>IteliaevBomuneque</strong></span> <span class='ocrx_word' id='word_1_189' title='bbox 667 1928 735 1978; x_wconf 85' lang='lat' dir='ltr'><strong>tellus</strong></span> <span class='ocrx_word' id='word_1_190' title='bbox 757 1931 806 1980; x_wconf 70' lang='lat'><strong>2⁴75</strong></span> 
     </span>
     <span class='ocr_line' id='line_1_29' title="bbox 133 1995 615 2062; baseline -0.008 -16"><span class='ocrx_word' id='word_1_191' title='bbox 133 1997 267 2046; x_wconf 86' lang='lat' dir='ltr'><strong>Debentur.</strong></span> <span class='ocrx_word' id='word_1_192' title='bbox 282 1999 335 2046; x_wconf 78' lang='lat' dir='ltr'><strong>Tali</strong></span> <span class='ocrx_word' id='word_1_193' title='bbox 345 1997 467 2062; x_wconf 79' lang='lat' dir='ltr'><strong>Gylleu&#39;ms</strong></span> <span class='ocrx_word' id='word_1_194' title='bbox 474 2011 514 2044; x_wconf 89' lang='lat' dir='ltr'><strong>ore</strong></span> <span class='ocrx_word' id='word_1_195' title='bbox 525 1995 615 2043; x_wconf 90' lang='lat' dir='ltr'><strong>locutus</strong></span> 
     </span>
     <span class='ocr_line' id='line_1_30' title="bbox 132 2059 636 2122; baseline -0.01 -10"><span class='ocrx_word' id='word_1_196' title='bbox 132 2061 250 2112; x_wconf 82' lang='lat' dir='ltr'><strong>Mortales</strong></span> <span class='ocrx_word' id='word_1_197' title='bbox 258 2061 322 2110; x_wconf 80' lang='lat' dir='ltr'><strong>visus</strong></span> <span class='ocrx_word' id='word_1_198' title='bbox 331 2062 409 2111; x_wconf 84' lang='lat' dir='ltr'><strong>medio</strong></span> <span class='ocrx_word' id='word_1_199' title='bbox 419 2076 526 2110; x_wconf 78' lang='lat' dir='ltr'><strong>sermone</strong></span> <span class='ocrx_word' id='word_1_200' title='bbox 534 2059 636 2122; x_wconf 85' lang='lat' dir='ltr'><strong>reliquit,</strong></span> 
     </span>
    </p>

    <p class='ocr_par' dir='ltr' id='par_1_5' title="bbox 108 2121 728 2190">
     <span class='ocr_line' id='line_1_31' title="bbox 108 2121 728 2190; baseline -0.003 -16"><span class='ocrx_word' id='word_1_201' title='bbox 108 2121 114 2134; x_wconf 80' lang='grc'><strong>“</strong></span> <span class='ocrx_word' id='word_1_202' title='bbox 133 2125 167 2174; x_wconf 79' lang='lat' dir='ltr'><strong>Et</strong></span> <span class='ocrx_word' id='word_1_203' title='bbox 177 2125 260 2190; x_wconf 77' lang='lat' dir='ltr'><strong>procul</strong></span> <span class='ocrx_word' id='word_1_204' title='bbox 270 2126 296 2174; x_wconf 87' lang='lat' dir='ltr'><strong>in</strong></span> <span class='ocrx_word' id='word_1_205' title='bbox 305 2133 401 2174; x_wconf 86' lang='lat' dir='ltr'><strong>tenuem</strong></span> <span class='ocrx_word' id='word_1_206' title='bbox 412 2141 441 2174; x_wconf 83' lang='lat' dir='ltr'><strong>ex</strong></span> <span class='ocrx_word' id='word_1_207' title='bbox 451 2125 525 2174; x_wconf 81' lang='lat' dir='ltr'><strong>oculis</strong></span> <span class='ocrx_word' id='word_1_208' title='bbox 535 2125 631 2174; x_wconf 79' lang='lat' dir='ltr'><strong>evanuit</strong></span> <span class='ocrx_word' id='word_1_209' title='bbox 641 2140 728 2174; x_wconf 82' lang='lat' dir='ltr'><strong>aursm.</strong></span> 
     </span>
    </p>

    <p class='ocr_par' dir='ltr' id='par_1_6' title="bbox 133 2189 810 2450">
     <span class='ocr_line' id='line_1_32' title="bbox 166 2189 804 2254; baseline -0.006 -14"><span class='ocrx_word' id='word_1_210' title='bbox 166 2191 201 2240; x_wconf 86' lang='lat' dir='ltr'><strong>At</strong></span> <span class='ocrx_word' id='word_1_211' title='bbox 211 2189 268 2240; x_wconf 79' lang='lat' dir='ltr'><strong>verd</strong></span> <span class='ocrx_word' id='word_1_212' title='bbox 279 2191 369 2240; x_wconf 78' lang='lat' dir='ltr'><strong>AEneus</strong></span> <span class='ocrx_word' id='word_1_213' title='bbox 380 2191 492 2254; x_wconf 82' lang='lat' dir='ltr'><strong>adspectu</strong></span> <span class='ocrx_word' id='word_1_214' title='bbox 503 2190 619 2238; x_wconf 85' lang='lat' dir='ltr'><strong>obmutuit</strong></span> <span class='ocrx_word' id='word_1_215' title='bbox 630 2206 717 2244; x_wconf 84' lang='lat' dir='ltr'><strong>amens,</strong></span> <span class='ocrx_word' id='word_1_216' title='bbox 757 2191 804 2237; x_wconf 72' lang='lat'><strong>279</strong></span> 
     </span>
     <span class='ocr_line' id='line_1_33' title="bbox 133 2252 810 2332; baseline -0.01 -26"><span class='ocrx_word' id='word_1_217' title='bbox 133 2254 291 2332; x_wconf 75' lang='lat' dir='ltr'><strong>Adrestaeque</strong></span> <span class='ocrx_word' id='word_1_218' title='bbox 298 2257 395 2304; x_wconf 85' lang='lat' dir='ltr'><strong>horrore</strong></span> <span class='ocrx_word' id='word_1_219' title='bbox 404 2270 485 2312; x_wconf 80' lang='lat' dir='ltr'><strong>comer,</strong></span> <span class='ocrx_word' id='word_1_220' title='bbox 495 2264 520 2304; x_wconf 89' lang='lat' dir='ltr'><strong>et</strong></span> <span class='ocrx_word' id='word_1_221' title='bbox 529 2271 575 2304; x_wconf 84' lang='lat' dir='ltr'><strong>vox</strong></span> <span class='ocrx_word' id='word_1_222' title='bbox 586 2255 693 2318; x_wconf 77' lang='lat' dir='ltr'><strong>faucibus</strong></span> <span class='ocrx_word' id='word_1_223' title='bbox 704 2252 778 2302; x_wconf 69' lang='lat' dir='ltr'><strong>hesit</strong></span> <span class='ocrx_word' id='word_1_224' title='bbox 807 2283 810 2295; x_wconf 81' lang='lat'><strong>.</strong></span> 
     </span>
     <span class='ocr_line' id='line_1_34' title="bbox 133 2319 730 2387; baseline -0.005 -18"><span class='ocrx_word' id='word_1_225' title='bbox 133 2319 211 2369; x_wconf 81' lang='lat' dir='ltr'><strong>Ardet</strong></span> <span class='ocrx_word' id='word_1_226' title='bbox 221 2322 286 2370; x_wconf 80' lang='lat' dir='ltr'><strong>abne</strong></span> <span class='ocrx_word' id='word_1_227' title='bbox 297 2319 362 2387; x_wconf 71' lang='lat' dir='ltr'><strong>lugd,</strong></span> <span class='ocrx_word' id='word_1_228' title='bbox 372 2319 497 2384; x_wconf 81' lang='lat' dir='ltr'><strong>dulcesque</strong></span> <span class='ocrx_word' id='word_1_229' title='bbox 506 2320 638 2386; x_wconf 84' lang='lat' dir='ltr'><strong>relinquere</strong></span> <span class='ocrx_word' id='word_1_230' title='bbox 648 2328 730 2372; x_wconf 84' lang='lat' dir='ltr'><strong>terres,</strong></span> 
     </span>
     <span class='ocr_line' id='line_1_35' title="bbox 133 2383 717 2450; baseline -0.007 -17"><span class='ocrx_word' id='word_1_231' title='bbox 133 2383 262 2436; x_wconf 84' lang='lat' dir='ltr'><strong>Adtonitus</strong></span> <span class='ocrx_word' id='word_1_232' title='bbox 271 2394 338 2435; x_wconf 79' lang='lat' dir='ltr'><strong>tento</strong></span> <span class='ocrx_word' id='word_1_233' title='bbox 348 2385 439 2434; x_wconf 86' lang='lat' dir='ltr'><strong>monitu</strong></span> <span class='ocrx_word' id='word_1_234' title='bbox 449 2386 593 2450; x_wconf 86' lang='lat' dir='ltr'><strong>imperioque</strong></span> <span class='ocrx_word' id='word_1_235' title='bbox 604 2385 717 2434; x_wconf 88' lang='lat' dir='ltr'><strong>Deorum.</strong></span> 
     </span>
    </p>

    <p class='ocr_par' dir='ltr' id='par_1_7' title="bbox 135 2445 882 2710">
     <span class='ocr_line' id='line_1_36' title="bbox 135 2445 804 2516; baseline -0.004 -18"><span class='ocrx_word' id='word_1_236' title='bbox 135 2449 191 2498; x_wconf 86' lang='lat' dir='ltr'><strong>Heu</strong></span> <span class='ocrx_word' id='word_1_237' title='bbox 200 2451 258 2515; x_wconf 86' lang='lat' dir='ltr'><strong>quid</strong></span> <span class='ocrx_word' id='word_1_238' title='bbox 269 2452 336 2516; x_wconf 78' lang='lat' dir='ltr'><strong>eget?</strong></span> <span class='ocrx_word' id='word_1_239' title='bbox 351 2467 399 2516; x_wconf 90' lang='lat' dir='ltr'><strong>quo</strong></span> <span class='ocrx_word' id='word_1_240' title='bbox 405 2467 469 2500; x_wconf 86' lang='lat' dir='ltr'><strong>nunc</strong></span> <span class='ocrx_word' id='word_1_241' title='bbox 477 2451 582 2515; x_wconf 82' lang='lat' dir='ltr'><strong>reginum</strong></span> <span class='ocrx_word' id='word_1_242' title='bbox 590 2447 677 2496; x_wconf 73' lang='lat' dir='ltr'><strong>ambire</strong></span> <span class='ocrx_word' id='word_1_243' title='bbox 688 2445 804 2492; x_wconf 68' lang='lat' dir='ltr'><strong>furentem</strong></span> 
     </span>
     <span class='ocr_line' id='line_1_37' title="bbox 135 2509 801 2581; baseline -0.009 -19"><span class='ocrx_word' id='word_1_244' title='bbox 135 2512 230 2564; x_wconf 69' lang='lat' dir='ltr'><strong>Audeat</strong></span> <span class='ocrx_word' id='word_1_245' title='bbox 240 2517 339 2565; x_wconf 78' lang='lat' dir='ltr'><strong>adfstul</strong></span> <span class='ocrx_word' id='word_1_246' title='bbox 353 2531 407 2580; x_wconf 76' lang='lat' dir='ltr'><strong>quae</strong></span> <span class='ocrx_word' id='word_1_247' title='bbox 418 2517 495 2581; x_wconf 80' lang='lat' dir='ltr'><strong>prime</strong></span> <span class='ocrx_word' id='word_1_248' title='bbox 503 2514 600 2565; x_wconf 79' lang='lat' dir='ltr'><strong>exordis</strong></span> <span class='ocrx_word' id='word_1_249' title='bbox 610 2509 699 2558; x_wconf 80' lang='lat' dir='ltr'><strong>sumet?</strong></span> <span class='ocrx_word' id='word_1_250' title='bbox 795 2517 801 2533; x_wconf 50' lang='lat' dir='ltr'><strong>l</strong></span> 
     </span>
     <span class='ocr_line' id='line_1_38' title="bbox 135 2569 804 2691; baseline -0.001 -60"><span class='ocrx_word' id='word_1_251' title='bbox 135 2575 357 2691; x_wconf 70' lang='lat' dir='ltr'><strong>&#39;Atquefflenimum</strong></span> <span class='ocrx_word' id='word_1_252' title='bbox 371 2597 436 2630; x_wconf 87' lang='lat' dir='ltr'><strong>nuno</strong></span> <span class='ocrx_word' id='word_1_253' title='bbox 453 2582 501 2633; x_wconf 85' lang='lat' dir='ltr'><strong>huo</strong></span> <span class='ocrx_word' id='word_1_254' title='bbox 517 2579 626 2631; x_wconf 69' lang='lat' dir='ltr'><strong>eduen</strong></span> <span class='ocrx_word' id='word_1_255' title='bbox 640 2587 703 2621; x_wconf 62' lang='grc' dir='ltr'><strong>ΜΘ</strong></span> <span class='ocrx_word' id='word_1_256' title='bbox 719 2569 804 2685; x_wconf 54' lang='grc' dir='ltr'><strong>ὖὶἵὲἓῑόῗ</strong></span> 
     </span>
     <span class='ocr_line' id='line_1_39' title="bbox 143 2660 882 2710; baseline -0.003 -18"><span class='ocrx_word' id='word_1_257' title='bbox 143 2686 147 2692; x_wconf 92' lang='grc'>.</span> <span class='ocrx_word' id='word_1_258' title='bbox 256 2660 293 2704; x_wconf 82' lang='lat' dir='ltr'><strong>uo,</strong></span> <span class='ocrx_word' id='word_1_259' title='bbox 462 2703 466 2710; x_wconf 34' lang='grc' dir='ltr'>Ι</span> <span class='ocrx_word' id='word_1_260' title='bbox 879 2679 882 2683; x_wconf 86' lang='grc'>.</span> 
     </span>
    </p>
   </div>
   <div class='ocr_carea' id='block_1_4' title="bbox 0 0 954 2934">
    <p class='ocr_par' dir='ltr' id='par_1_8' title="bbox 0 0 954 2934">
     <span class='ocr_line' id='line_1_40' title="bbox 0 0 954 2934; baseline 0 1"><span class='ocrx_word' id='word_1_261' title='bbox 0 0 954 2934; x_wconf 95' lang='lat' dir='ltr'><strong> </strong></span> 
     </span>
    </p>
   </div>
   <div class='ocr_carea' id='block_1_5' title="bbox 796 2853 946 2906">
    <p class='ocr_par' dir='ltr' id='par_1_9' title="bbox 796 2853 946 2906">
     <span class='ocr_line' id='line_1_41' title="bbox 796 2853 946 2906; baseline 0 0"><span class='ocrx_word' id='word_1_262' title='bbox 796 2853 946 2906; x_wconf 65' lang='grc'><strong>1-1</strong></span> 
     </span>
    </p>
   </div>
  </div>
 </body>
</html>
