1878 2930
132 109 165 156 01
301 100 511 153 GEORGICON
528 100 585 150 Lsa.
597 101 644 153 1v.

130 229 254 283 Induerat,
265 225 364 275 totidem
375 233 502 274 auctumno
513 233 606 277 matrum
615 226 719 276 tenebat.

134 293 180 342 Ille
190 294 261 341 etiem
271 305 333 339 seras
342 291 370 337 in
378 305 471 338 versum
482 291 572 338 distulit
583 290 663 346 ulmos,
762 295 812 342 144

132 359 286 421 Eduramque
296 357 381 420 pirum,
392 364 417 405 et
428 356 506 420 spinos
513 356 565 420 jam
576 370 654 420 pruna
665 356 774 411 ferentes,

132 425 234 487 Jamque
245 422 415 470 ministrantem
425 423 547 485 platanum
562 421 697 486 potantibus
708 421 810 468 umbrae.

133 489 225 538 Verum
236 487 287 535 haec
298 487 349 550 ipse
360 487 469 552 equidem
477 487 557 550 spatiis
568 487 674 534 exclusus
684 484 770 549 iniquis

133 553 262 606 Praetereo,
272 559 343 616 etque
351 552 402 600 aliis
413 559 466 616 post
476 567 514 599 me
525 552 677 600 memoranda
686 551 800 615 relinquo.

166 619 192 666 N
194 633 239 665 unc
251 633 301 680 age,
312 625 407 666 naturas
415 616 499 680 apibus
508 631 566 681 quas
576 617 688 682 luppiter
696 617 748 680 ipse
839 657 848 680 ,

132 681 243 737 Addidit,
255 683 386 746 expediam,
397 697 441 746 pro
451 681 499 746 qul
509 683 626 738 mercede,
637 695 735 730 canoros
761 683 812 732 150

133 747 249 796 Curetum
259 746 348 794 sonitus
358 746 545 812 crepitantiaque
556 761 604 794 rara
615 753 709 803 secutur,

133 812 227 860 Dictaeo
238 812 291 860 coeli
302 811 394 876 Regem
405 825 491 876 pavere
502 810 545 858 sub
557 819 632 859 entre
734 823 738 829 ·

134 875 195 926 Sole
206 891 341 926 communes
352 884 441 942 gnatos,
452 875 569 922 consortia
579 883 643 924 mota

132 943 205 992 Urbis
215 943 311 998 habent,
319 941 455 1006 magnisque
466 940 556 1002 agitent
567 940 611 988 snb
622 939 712 1002 legibus
720 952 812 998 avnm3

133 1007 167 1056 Et
177 1009 277 1072 patriam
288 1007 342 1056 sola
353 1015 378 1054 et
388 1013 463 1054 certos
474 1017 562 1052 novera
572 1003 689 1065 Penates3
761 1003 809 1052 155

133 1073 295 1138 Venturaeque
305 1072 389 1120 hiemis
399 1083 512 1119 memores
523 1077 605 1118 estate
612 1069 716 1116 laborem

133 1137 303 1202 Experiuntnr,
314 1143 339 1186 et
350 1138 375 1185 in
386 1135 489 1184 medium
499 1135 598 1199 quesita
606 1140 732 1199 reponunt.

134 1203 244 1269 Namque
255 1205 307 1251 slioe
314 1203 380 1251 victu
392 1200 523 1264 invigilant,
535 1209 560 1249 et
568 1201 656 1248 ledere
667 1207 738 1264 pecto

117 1315 122 1324 ,
135 1267 285 1317 Exercentur
296 1269 358 1332 agris
364 1286 371 1329 ;
387 1279 442 1331 pars
452 1267 516 1314 intra
526 1273 600 1331 empta
608 1267 731 1314 domorum

133 1333 239 1382 Narcissi
252 1333 379 1387 lacrimem,
390 1341 414 1380 et
423 1332 513 1380 lentum
521 1331 552 1378 de
560 1331 647 1379 cortice
657 1327 746 1393 gluten,
764 1329 814 1378 160

134 1397 286 1446 Prima-favis
298 1405 390 1460 ponunt
401 1396 547 1451 fundamina,
557 1396 645 1442 deinde
655 1403 749 1442 tenaces

135 1459 289 1524 suspendunt
300 1475 379 1519 ceras,
395 1459 455 1514 alia,
466 1473 531 1522 spem
541 1459 625 1522 gentis,
636 1457 728 1505 adultos

135 1526 249 1573 Educunt
260 1527 336 1585 fetns;
353 1524 404 1570 alia
417 1522 542 1586 purissima
552 1523 621 1570 mella

135 1589 236 1652 Stipant,
251 1597 275 1638 et
286 1587 375 1653 liquido
386 1587 524 1634 distendunt
534 1593 629 1635 nectare
639 1586 716 1635 celles.

111 1677 114 1680 ·
133 1653 203 1708 Sunt,
214 1653 300 1718 quibus
312 1655 343 1700 ad
355 1661 434 1717 portas
443 1651 530 1700 cecidit
540 1650 647 1700 custodia
658 1651 728 1712 sorti3
765 1645 814 1701 16'5

136 1717 214 1782 Inque
225 1719 302 1767 vicem
313 1715 464 1782 speculantur
475 1729 546 1781 aquas
557 1725 581 1764 et
591 1716 673 1763 nubila
682 1715 748 1776 coeli;

135 1781 187 1831 Ant
198 1797 271 1832 onera
280 1784 403 1847 adcipiunt
413 1781 558 1836 venientum,
568 1788 610 1828 aut
620 1782 713 1844 egmine
724 1781 787 1828 10010

136 1847 261 1912 Ignavum,
272 1849 347 1904 fucos,
358 1861 431 1912 pecus
441 1863 456 1895 a
466 1845 610 1910 presepibus
621 1853 709 1894 arcent.

137 1913 223 1961 Fervet
233 1927 299 1978 opus,
309 1912 461 1976 redolentque
470 1913 554 1976 thymo
567 1912 696 1974 fragrantia
706 1910 782 1959 melle·

137 1977 174 2026 Ac
183 1977 263 2033 veluti,
273 1978 343 2026 lentis
354 1977 472 2042 Cyclopea
482 1976 581 2024 fulmina
591 1977 672 2024 massis
768 1976 816 2024 170

137 2042 218 2099 Quum
229 2049 365 2106 properant,
376 2041 416 2089 alii
427 2041 525 2090 taurinis
536 2041 631 2090 follibus
640 2055 709 2089 auras

138 2106 271 2170 Adcipiunt
282 2106 438 2170 redduntque,
450 2105 489 2153 elii
500 2107 624 2154 stridentia
634 2107 746 2170 tinguunt

140 2173 202 2220 AEra
211 2171 280 2232 lacu3
296 2172 368 2234 gemit
379 2171 486 2234 inposifis
496 2171 622 2220 incudibus
634 2173 708 2220 AEtna
714 2189 722 2232 3

141 2235 182 2285 Illi
192 2237 254 2284 inter
264 2249 315 2284 sese
326 2235 411 2298 magud
421 2236 445 2282 vi
455 2236 554 2285 brachia
563 2236 650 2286 tollunt

139 2301 171 2350 In
182 2315 313 2355 numerum,
323 2307 463 2364 versantque
474 2301 551 2349 teneci
559 2301 649 2366 forcipe
657 2301 754 2348 ferrum.
770 2299 818 2348 1⁷5

140 2367 199 2415 Non
210 2366 284 2422 aliter,
296 2366 315 2412 si
326 2379 400 2429 parra
409 2366 464 2414 licet
475 2379 609 2430 conponere
619 2365 718 2429 magnis,

141 2431 270 2496 Cecropios
278 2431 375 2480 innatus
386 2443 441 2495 apes
452 2443 517 2478 amor
527 2437 613 2494 urguet
624 2429 736 2484 habendi,

141 2495 245 2545 Munere
253 2511 369 2562 quamque
380 2511 429 2544 sno.
458 2495 599 2544 Grandaevis
609 2497 698 2562 oppida
708 2506 782 2549 curae,

142 2559 175 2608 Et
186 2562 278 2611 munire
291 2563 364 2618 favos,
375 2569 401 2610 et
411 2560 503 2609 daedala
514 2561 603 2626 lingere
611 2569 685 2610 tecta:

141 2625 177 2676 At
187 2627 253 2676 ferse
263 2627 339 2678 multis
349 2629 455 2678 10101001
465 2641 489 2675 se
500 2635 571 2677 nocte
581 2627 690 2686 minores,
772 2625 819 2673 180
