1888 2924
141 117 190 164 ero
324 107 488 164 nrumnos
503 99 634 164 nuru.

142 233 270 284 Mortuum
279 235 380 285 infernis
389 238 420 285 ad
431 237 520 286 lumina
530 251 625 300 surgere
634 235 699 292 vita,

142 299 156 348 1
175 315 200 349 se
209 309 352 364 repertorem
363 303 485 351 modioluae
497 301 549 350 talis
559 309 584 350 et
594 302 651 350 artis

165 365 254 414 uimine
263 366 431 430 Pboebigenum
442 368 535 433 Stygias
545 366 644 414 detrusit
654 367 679 415 in
691 366 773 415 undas.

143 429 179 478 At
188 430 267 478 Tririu
277 431 435 498 Hippolytum
446 433 539 482 secretis
550 432 612 479 alma
621 428 728 480 remudit

144 493 253 549 Sedibus,
263 503 286 543 et
296 499 408 560 nymphe
417 499 509 562 Egerie
519 497 656 560 nemorique
664 496 765 561 relegat3

145 557 213 608 Solus
224 559 265 606 ubi
273 558 300 608 in
310 561 375 610 silvis
386 563 452 611 Italis
461 562 570 626 ignobilis
580 575 657 610 rerum
767 562 820 612 776

145 623 267 686 Exigeret
276 641 390 692 versoque
401 628 442 675 ubi
451 627 546 676 nomine
555 627 654 676 Virbius
663 631 737 674 esset:

145 687 219 738 Unde
229 690 300 738 etiem
310 693 398 756 templo
408 692 492 743 Triviae
504 691 608 756 lucisque
617 691 713 740 ¹seeretis

147 752 294 818 cornipedes
304 765 416 806 eruentur
426 758 487 822 equi,
498 756 561 820 quod
572 757 640 807 litore
650 771 745 806 currum

147 817 181 866 Et
186 819 301 896 juvenem
312 823 419 871 monstris
427 823 507 886 paridi
517 821 624 870 effudere
634 821 735 870 marinis.
768 823 821 870 700

147 883 222 933 rtrum
232 887 340 936 ardentes
351 888 416 935 baud
427 887 501 936 seoius
510 901 604 954 equore
615 885 693 950 oumpi

148 948 284 999 Exeroebet
291 967 370 1016 equos,
379 967 495 1016 curruque
506 951 530 998 in
542 951 604 998 bella
613 953 704 999 ruebat.

182 1015 238 1078 Ipse
248 1016 311 1064 inter
319 1017 407 1081 primes
418 1016 537 1080 prestanti
548 1029 645 1080 oorpore
654 1016 748 1063 Turnus

149 1077 258 1126 Vertitur
267 1095 332 1128 arma
341 1089 432 1137 tenens,
442 1089 467 1129 et
476 1089 527 1130 toto
537 1081 625 1129 vertice
635 1095 707 1144 supra
717 1088 767 1140 est3

149 1141 196 1191 cni
206 1144 293 1208 triplici
303 1145 388 1194 crinita
394 1147 455 1212 jobi
465 1147 532 1210 galea
542 1146 590 1194 elta
600 1146 741 1196 chimeram
772 1147 823 1196 ⁷⁸5

149 1206 262 1266 Sustinet,
273 1211 380 1259 AEtuaeos
390 1213 507 1260 efflantem
518 1211 625 1260 lancibus
635 1212 714 1274 ignes:

149 1271 210 1321 Tam
221 1275 294 1340 magis
303 1275 345 1324 illa
354 1277 463 1330 frement,
473 1283 497 1322 et
507 1275 612 1324 tristibus
622 1277 695 1324 effera
704 1273 814 1330 flammis,

151 1337 230 1395 Quam
241 1340 315 1402 magis
324 1341 401 1388 effuso
411 1340 554 1388 crudescunt
561 1341 676 1404 sunguine
686 1354 778 1404 pugne.

150 1401 186 1450 At
195 1402 271 1450 levem
282 1403 312 1450 oli
344 1419 384 1452 um
396 1404 492 1452 sublatis
502 1405 612 1451 cornibus
624 1405 652 1452 lo

150 1464 219 1513 Auro
228 1466 313 1528 insigni
344 1475 362 1522 t,
368 1468 418 1532 jam
429 1468 491 1516 setis
500 1467 585 1522 obsita,
591 1468 642 1531 jem
653 1468 703 1521 bos,
774 1470 825 1520 790

149 1528 323 1592 Argumentum
332 1529 424 1592 ingens,
434 1538 460 1578 et
469 1539 546 1577 eustos
555 1531 652 1594 virginis
662 1529 748 1592 ſtrgus,

152 1591 289 1656 Getaeque
299 1607 391 1641 emnem
402 1594 504 1642 lundens
514 1602 582 1658 peter
593 1595 697 1642 Inaebus
708 1593 774 1644 orni.
812 1633 814 1639 Α

151 1656 288 1734 Insequitur
297 1656 391 1706 nimbus
402 1657 516 1724 peditum,
526 1659 674 1734 clipeataque
684 1658 740 1706 totis

151 1721 257 1788 Agmina
265 1724 393 1772 densentur
403 1723 498 1788 campis,
509 1723 644 1788 Argivaque
654 1724 737 1787 pubes,

150 1787 318 1854 Aurunoeque
327 1803 419 1846 manus,
428 1788 521 1844 Rutuli,
528 1796 665 1854 veteresque
673 1789 760 1846 Sicani,
775 1791 826 1841 ⁷9⁵

151 1853 186 1903 Et
196 1853 304 1904 sacroue
316 1855 385 1912 acies,
396 1864 421 1904 et
430 1853 487 1919 picti
498 1861 565 1902 senta
572 1853 669 1916 Labiei;

152 1918 201 1976 Qui
212 1919 291 1974 saltos,
301 1918 421 1977 Tiberine,
430 1929 490 1976 tuos,
501 1935 638 1984 morumque
648 1918 749 1968 Numici

153 1981 221 2030 Litus
232 1989 307 2037 arent,
318 1981 468 2049 Rutulosque
476 1993 587 2034 exercent
596 1999 689 2032 vomere
699 1984 777 2038 colles,

152 2045 316 2110 Circaeumque
323 2047 422 2113 jugum
437 2051 503 2114 queis
513 2051 608 2114 Jupiter
617 2051 731 2098 Anxurus
740 2047 802 2096 arvis

153 2110 276 2166 Prende,
286 2118 311 2158 et
322 2111 392 2162 viridi
403 2117 508 2180 gaudens
518 2115 619 2163 Feronia
630 2115 696 2173 luoo3
775 2115 828 2160 800

146 2176 210 2236 Δίὶιιεὶ
219 2175 309 2224 Saturae
315 2174 384 2238 jacet
394 2189 444 2229 atra
453 2179 528 2242 palus,
539 2180 725 2243 gelidusqueper
735 2176 794 2224 imae

151 2241 245 2302 Quaerit
255 2241 300 2288 iter
308 2239 382 2289 valles
393 2253 463 2306 atque
473 2245 499 2291 iu
510 2260 575 2292 maro
586 2243 694 2292 conditur
702 2240 785 2288 Ufens.

186 2307 238 2356 Hos
248 2318 318 2370 super
328 2306 426 2355 advenit
436 2307 522 2356 Volsci
532 2309 563 2355 de
574 2315 644 2371 gente
654 2303 760 2358 Camilla,

153 2371 247 2437 Agmeu
258 2383 329 2436 agens
338 2372 452 2434 equitnm,
462 2380 487 2420 et
496 2373 606 2421 florentes
616 2384 663 2417 ere
672 2375 787 2424 catervas,

154 2437 283 2487 Bellatrix:
299 2449 347 2483 nen
357 2435 399 2484 illa
408 2435 459 2485 colo
469 2435 598 2484 calathisve
607 2433 725 2482 Minerva
778 2437 828 2488 805
933 2407 934 2458 l

153 2501 277 2551 Femineas
287 2502 385 2549 udonem
395 2515 491 2560 mauus;
507 2501 548 2548 sed
560 2497 642 2563 prola
651 2497 719 2561 virgo

153 2567 226 2616 Dura
225 2567 293 2680 equari,
301 2581 417 2632 cursuque
423 2565 513 2630 ,pedum
525 2571 665 2628 prevertere
675 2570 766 2614 ventos.

144 2629 200 2684 'llln
209 2647 224 2677 v
257 2633 351 2681 intactre
362 2631 446 2698 segetis
456 2645 499 2696 per
508 2646 599 2680 summa
609 2629 699 2678 voleret
