1878 2930
228 403 268 470 P.
288 398 489 469 VIRGILII
511 397 731 468 MARONIS

317 565 641 634 GEORGICON

343 735 450 786 LIBER
466 733 618 784 TERTIUS.

145 1025 182 1074 Tu
193 1039 293 1090 quoque,
305 1039 391 1087 magua
401 1023 478 1080 Pales}
486 1031 510 1072 et
521 1030 545 1072 te
553 1023 703 1072 memorande
710 1037 821 1072 canemus

147 1089 231 1138 Pastor
241 1091 272 1137 ob
282 1091 433 1154 Amphryso5
449 1105 499 1144 vos,
509 1089 572 1138 silve
585 1103 709 1154 omnesque
720 1088 809 1152 Lycei.

147 1153 241 1210 Cetera,
252 1170 305 1219 qum
316 1169 402 1203 vseuss
415 1154 545 1203 tenuissent
555 1155 659 1202 carmine
669 1162 765 1208 mentes,

148 1219 237 1268 Omnis
244 1220 296 1284 jam
306 1219 406 1284 volgato„
434 1220 495 1278 Quis
506 1227 547 1268 sut
557 1219 579 1267 Ε
626 1220 693 1268 etheo
701 1219 795 1274 durum,

148 1283 199 1332 Aut
210 1285 325 1332 inlaudati
335 1285 411 1334 nescit
420 1284 599 1333 Busiridisurus
806 1284 823 1334 5

148 1349 196 1398 Cui
207 1365 255 1397 nou
266 1350 343 1397 dictus
352 1350 429 1413 Hylas
440 1350 514 1413 puer?
531 1357 555 1397 et
566 1349 667 1396 Latonia
677 1348 766 1396 Delos?

148 1414 354 1478 Hippodameque,
365 1413 508 1476 humeroque
519 1413 605 1474 Pelops
615 1412 713 1474 insignis
723 1413 823 1468 eburno,

147 1477 295 1539 Acerequis?
312 1477 437 1526 Tentundo
445 1478 484 1523 via
491 1485 534 1529 est,
540 1475 587 1538 qul
593 1491 631 1522 me
638 1490 730 1539 quoque
736 1477 823 1539 possim

147 1542 241 1589 Tollere
252 1543 330 1595 humo,
341 1539 461 1602 victorque
471 1539 548 1586 virllm
558 1537 656 1586 volitare
667 1553 711 1602 per·
720 1555 769 1588 om

148 1604 242 1653 Primus
252 1619 297 1668 ego
307 1605 333 1650 in
343 1603 443 1668 putrium
455 1619 553 1658 mecum,
564 1604 634 1650 modo
645 1603 695 1652 vita
705 1605 814 1670 supersit,

147 1669 228 1716 Aonio
237 1669 331 1717 rediens
341 1669 457 1717 deducens
468 1669 555 1716 vertice
566 1669 664 1728 Musus3
793 1675 824 1720 11

148 1734 244 1783 Primus
254 1735 371 1782 Idumaeas
382 1733 483 1782 referem
492 1733 544 1787 tibi,
555 1733 666 1788 Mantus,
676 1733 782 1798 palmuo3

150 1799 184 1848 Et
194 1799 264 1848 viridi
274 1800 300 1848 in
310 1813 394 1863 compo
403 1799 517 1862 templum
528 1799 558 1845 de
569 1813 684 1846 marmore
695 1813 782 1862 ponem

148 1863 251 1928 Propter
261 1881 353 1930 equom,
363 1864 436 1912 turdis
447 1865 529 1928 ingens
540 1862 581 1910 ubi
591 1863 692 1911 flexibus
702 1872 767 1913 erret

149 1928 263 1985 Mincius,
274 1939 299 1978 et
308 1930 390 1978 tenerh
402 1927 511 1993 protexit
521 1927 638 1975 arundine
649 1929 721 1992 ripas.
794 1929 826 1979 15

149 1992 181 2039 In
193 1993 271 2041 medio
281 1994 339 2041 mihi
349 1993 430 2042 Cesar
440 1994 493 2050 erit,
503 1991 663 2057 templumque
674 1994 772 2044 tenebit.

151 2055 192 2104 Illi
203 2058 279 2106 vietor
289 2075 341 2122 ego.
352 2065 377 2105 et
386 2057 460 2123 Tyrio
470 2063 609 2122 conspectus
619 2057 646 2105 in
656 2068 728 2115 ostro,

150 2121 255 2170 Centum
265 2122 416 2187 quadrijugos
427 2125 521 2188 agitato
532 2123 563 2170 ed
574 2122 673 2172 homino
682 2137 771 2172 currus.

151 2185 247 2236 Cuncta
257 2187 323 2244 mihi,
333 2187 454 2251 Alpheum
464 2189 572 2254 linquens
582 2187 694 2253 lucosque
702 2186 830 2242 Molorchi,

152 2250 267 2301 Cursibus
277 2261 302 2302 et
311 2253 385 2302 crudo
396 2253 507 2302 decernet
518 2253 611 2302 Grecis
621 2261 694 2302 oestu.
797 2255 830 2302 20

153 2315 218 2381 Ipse,
228 2325 300 2382 capot
310 2325 383 2364 tonse
395 2317 456 2366 loliis
467 2326 563 2366 ornatus
574 2316 651 2373 olive,

152 2381 225 2430 Dono
236 2384 316 2432 feram.
343 2382 359 2431 J
360 2395 397 2428 um
408 2397 474 2431 nunc
484 2383 596 2430 solemnes
606 2382 695 2430 ducere
705 2395 804 2446 pompus

152 2444 193 2494 Ad
204 2447 304 2497 delubro
309 2447 387 2512 juvet,
398 2461 516 2512 meosque
525 2445 608 2494 videre
615 2446 748 2511 juveneos5

153 2510 200 2558 Vel
211 2528 282 2562 scens
292 2521 320 2561 ut
328 2510 400 2560 versis
410 2512 516 2562 disoedet
526 2509 651 2567 frontibus,
662 2520 735 2578 utque

152 2572 174 2621 P
221 2576 372 2628 ureointexti
380 2575 551 2626 tolluntsulaee
559 2575 679 2626 Britanni.
798 2577 830 2626 25

153 2636 186 2686 ln
207 2642 287 2694 oribus
296 2657 401 2712 pugnem
410 2657 442 2694 ex
453 2658 510 2694 suro
522 2640 643 2708 solidoque
653 2642 781 2709 elephanto

925 145 933 408 l

929 571 934 812 l
