1888 2924
137 96 186 144 212
326 85 491 136 AENEIDOS
506 87 623 138 Lra.V1.

140 214 167 264 N
168 228 215 262 unc
225 227 264 261 me
274 211 308 260 flu
332 225 359 258 us
370 209 451 266 hebet,
462 219 602 275 versantque
613 212 638 260 in
647 211 714 262 litore
723 210 796 262 venti.

143 277 214 335 Quod
225 285 250 324 te
262 217 367 346 perpoeli
374 274 507 338 jucundum
517 274 605 331 lumen,
615 284 639 326 et
650 293 726 333 eures,

142 343 191 390 Per
201 341 330 406 genitorem
341 355 390 394 oro,
401 355 444 403 per
453 355 506 403 spes
516 341 632 403 surgentis
641 341 704 402 Iuii;
768 345 820 393 364

143 407 217 470 Eripe
229 422 266 454 me
276 401 322 460 his,⁴
332 403 426 460 invicte,
438 404 502 453 malis
510 422 517 452 ι
526 415 574 464 ¹aut
584 413 611 454 tu
621 406 678 458 mihi
687 413 775 459 terrem

146 472 232 536 Injioe,
243 467 343 533 nemque
354 476 429 544 potes,
439 477 566 533 portusque
577 470 669 534 require
679 470 778 520 Veiinos
784 489 793 532 ς

146 535 198 584 Aut
209 545 243 588 tu,
254 535 273 582 si
281 551 328 598 qus
338 543 430 593 marest,
442 534 461 582 si
471 550 541 598 quam
550 535 596 594 tibi
606 535 670 585 Divn
680 535 780 584 creatrix

148 598 261 648 Ostendit
270 599 360 662 (neque
371 600 442 654 enim,
453 599 532 660 credo,
543 600 594 648 sine
604 600 700 652 numine
711 599 799 652 Divdrn

148 664 258 712 Flumina
268 672 334 712 tante
342 679 413 740 paras
423 663 575 727 Stygiamque
586 665 669 716 inuare
679 663 814 728 paludem),
825 667 829 682 '

147 729 189 778 Da
200 725 307 778 dextram
318 744 409 788 misero,
420 736 445 776 et
454 736 532 778 tecum
543 745 580 778 rue
591 730 647 779 tolle
656 746 699 794 per
710 729 792 784 undas,

149 793 251 842 Sedibus
262 801 288 842 ut
298 793 379 842 saltem
393 791 491 857 placidis
501 793 527 840 in
537 802 613 842 morte
622 795 750 858 quiescam.
774 797 823 844 371

148 857 217 908 Talia
228 860 290 908 setus
300 867 358 914 erat,
369 857 440 920 coepit
450 871 522 919 quum
532 857 589 904 talia
600 867 678 910 vates:

150 923 223 972 Unde
231 925 289 979 heac,
301 939 315 971 o
327 921 445 976 Palinure,
456 921 499 974 tibi
510 929 559 970 tam
570 921 623 970 dire
632 923 735 986 cupido?

151 988 188 1036 'l'u
201 989 294 1054 Stygias
304 987 437 1036 inhumatus
448 1002 527 1050 eques,
538 1002 677 1050 amnemque
688 1003 793 1038 severum

153 1053 313 1102 Eumenidum
324 1051 445 1114 adspicies,
455 1051 561 1114 ripamve
572 1051 674 1116 injussus
686 1053 776 1102 edibis?

154 1117 244 1166 Desine
254 1117 304 1164 sats
314 1114 392 1164 Dedm
403 1114 465 1174 flecti
476 1131 570 1180 sperare
581 1118 713 1180 precando:
778 1121 828 1169 376

154 1181 202 1230 Sed
214 1197 273 1246 cepe
284 1181 348 1229 dicta
359 1195 454 1242 memor,¹
466 1181 519 1228 duri
530 1180 612 1236 solatia
623 1198 696 1238 casus.
768 1215 771 1222 ⁴

134 1259 137 1264 ·
155 1246 220 1294 Nam
230 1255 272 1294 tua
283 1243 463 1312 finitimi-longe
473 1246 566 1309 lateque
577 1262 620 1310 per
632 1248 701 1296 urbes

155 1309 274 1374 Prodigiis
285 1311 331 1359 acri
343 1311 481 1366 coelestibus,
492 1327 543 1361 ossa
554 1311 668 1374 piabunt,;

156 1375 190 1424 Et
201 1383 304 1423 statuent
314 1375 437 1433 tumulum,
449 1384 474 1422 et
483 1376 573 1432 tumulo
584 1376 695 1427 solemnia
706 1376 814 1436 mittent3

156 1437 326 1502 AEternurnque
337 1440 400 1487 locus
411 1439 517 1487 Palinuri
529 1455 614 1488 nornen
626 1441 728 1494 hebebit.
754 1481 757 1488 ,
781 1443 829 1490 sat

158 1503 202 1550 His
213 1502 282 1549 dictis
292 1517 354 1549 curae
366 1509 456 1556 emotae,
466 1503 592 1566 pulsusque
602 1519 729 1566 parumper

158 1565 238 1615 Corde
249 1565 315 1612 dolor
325 1565 398 1612 tristi:
416 1566 502 1627 gaudet
513 1567 651 1629 cognomine
662 1569 729 1622 terri.

191 1629 255 1692 Ergo
270 1627 319 1676 iter‘
328 1628 447 1693 inceptum
463 1639 588 1693 peragunt,
603 1631 721 1696 fluvioque
736 1633 834 1697 propin-

272 1701 336 1741 uant.
535 1743 537 1746 ,
785 1702 835 1750 384

161 1709 319 1822 Navitaiquos
325 1758 376 1823 jam
387 1756 444 1806 inde
454 1764 480 1806 ut
492 1757 574 1822 Stygii
586 1760 706 1824 prospexit
717 1763 747 1810 ab
759 1763 824 1811 undis

160 1824 208 1873 Per
219 1823 315 1872 tacitum
326 1839 408 1871 ncrnus
418 1823 459 1878 ire,
470 1823 601 1887 pedemque
608 1825 734 1878 ,advertere
744 1828 817 1891 ripae;

161 1888 201 1938 Sic
213 1888 277 1952 prior
288 1888 425 1953 adgreditur
435 1888 511 1944 dictis.
523 1896 592 1954 atque
602 1890 708 1954 increpet
719 1892 793 1940 ultro:

162 1951 273 2014 Quisquis
284 1969 316 2006 es,
329 1962 430 2001 armatus
439 1953 480 2017 qui
491 1963 569 2002 nostre
580 1956 612 2004 ad
623 1955 720 2004 flumine
730 1956 815 2012 tendis,

162 2017 221 2064 Fare
233 2031 283 2078 ege,
294 2017 350 2081 quid
361 2018 456 2080 venias3
468 2019 520 2083 jem
528 2019 596 2068 istinc
607 2029 631 2068 et
642 2021 761 2085 conprime
772 2037 835 2085 gres·
932 2047 933 2056 κ

257 2095 316 2128 sum.
355 2135 357 2142 y
590 2133 593 2138 ,
767 2130 770 2134 ,
787 2089 836 2135 389

162 2143 306 2194 Umbrarum
317 2143 355 2192 hio
366 2143 431 2194 locus
442 2156 484 2202 est,
496 2147 577 2196 Somni
588 2149 718 2212 Noctisque
732 2163 834 2212 soporce3

163 2208 270 2271 Corpora
280 2209 334 2256 vire
345 2211 411 2257 nefas
423 2211 505 2276 Stygii
515 2223 608 2264 vectare
620 2215 706 2266 carini.

164 2274 217 2322 Nec
228 2287 283 2320 vero
294 2269 396 2321 Alciden
408 2291 444 2322 me
455 2293 506 2324 sum
517 2277 608 2326 laetatus
618 2287 711 2328 euntem

163 2337 293 2400 Adcepisse
303 2338 363 2391 lacu,
374 2353 419 2385 nec
430 2340 521 2388 Thesea
531 2341 715 2404 Pirithoumque,

164 2403 211 2452 Dis
222 2416 362 2466 quamquem
372 2403 454 2464 geniti,
465 2412 535 2466 etque
545 2405 626 2458 invicti
636 2405 724 2454 viribus
734 2412 818 2454 essent.

163 2467 302 2516 Tartareum
312 2467 350 2516 ille
361 2482 432 2515 manu
443 2469 564 2524 custodem
573 2469 598 2516 in
609 2468 687 2520 vincla
697 2471 789 2534 petivit,

162 2529 335 2594 ipsiusasolio
346 2531 407 2598 regis
417 2532 533 2596 traxitque
544 2541 682 2586 trementem
689 2553 697 2597 3
728 2583 731 2588 .
788 2539 835 2588 ³9⁶
876 2517 887 2538 ⁰
