1878 2930
212 310 252 376 P.
274 306 477 378 VIRGILII
498 307 717 378 MARONIS

298 461 624 533 GEORGICON

319 621 426 672 nrnnn
442 621 608 681 colurus.

128 835 274 885 Pnorsnus
286 837 346 896 aerii,
354 838 430 886 mellis
440 838 543 888 celestia
553 839 617 886 dona

128 901 255 968 Exsequar.
284 903 354 951 Hauc
365 904 443 958 etiarn,
454 903 583 960 Maecenas,
599 901 693 967 adspice
704 911 803 968 partera.

126 965 275 1015 Admiranda
284 967 328 1017 tibi
338 967 424 1016 larium
435 968 569 1033 spectacula
577 984 662 1023 rernm,

128 1031 339 1096 Magnanimosqne
350 1033 430 1088 duces,
440 1033 557 1098 totiusque
567 1033 649 1080 ordine
659 1031 735 1096 gentis

129 1095 217 1151 Mores,
228 1105 253 1145 et
262 1097 347 1152 studia,
358 1105 382 1146 ct
393 1099 499 1162 populos,
510 1107 534 1148 et
544 1097 627 1162 proelis
636 1097 720 1146 dicam.
786 1097 803 1146 5

129 1159 160 1208 In
171 1163 236 1210 tenui
247 1162 324 1212 labor:
342 1170 367 1211 at
376 1164 453 1212 tenuis
464 1179 512 1210 non
523 1163 610 1227 gloria3
626 1161 644 1209 si
657 1177 728 1226 quern

129 1225 236 1276 Numina
246 1227 306 1275 leva
315 1227 402 1286 sinunt,
417 1229 529 1293 auditque
540 1225 668 1275 vocatusA
700 1227 738 1277 llo.
791 1275 794 1284 ,
835 1220 842 1236 ”

162 1291 283 1356 Principio
293 1293 359 1340 sedes
370 1294 454 1357 opibus
464 1293 578 1357 statioque
589 1300 660 1356 peten
678 1308 700 1347 a,
736 1339 738 1342 .

130 1356 185 1411 Quo
196 1371 272 1420 neque
283 1359 312 1405 sit
322 1358 399 1405 ventis
410 1358 487 1406 aditus
497 1357 565 1420 (nam
576 1357 664 1420 pabula
674 1355 739 1403 venti

130 1419 202 1470 Ferre
216 1421 312 1530 dtiiimm
327 1420 472 1484 prohibent),
488 1435 564 1484 neque
574 1435 629 1468 oves
640 1420 748 1490 haedique
764 1433 805 1481 pe·

261 1485 283 1531 ci
772 1488 804 1534 10

130 1547 237 1597 Floribus
247 1547 366 1600 insultent,
377 1554 418 1596 aut
428 1562 508 1595 errans
517 1545 604 1596 bucula
614 1561 697 1610 campo

131 1612 244 1662 Decutiat
255 1626 338 1666 rorem,
348 1619 373 1659 ct
384 1619 505 1674 surgentes
514 1611 606 1658 adterat
616 1610 706 1660 herbas.

130 1675 215 1725 Absint
226 1683 250 1724 et
261 1676 318 1740 picti
328 1675 458 1741 squalentia
467 1685 534 1740 terga
544 1674 624 1724 lacerti

130 1741 262 1806 Pinguibns
271 1757 285 1788 a
296 1741 397 1797 stabulis,
409 1756 566 1806 meropesque,
577 1740 676 1804 aliaeqnc
686 1739 805 1800 volucres3

131 1806 164 1854 Et
174 1807 282 1855 manibus
292 1806 385 1856 Procne
395 1814 477 1871 pectus
488 1806 579 1869 signata
587 1805 696 1854 cruentis.
773 1809 806 1854 15

131 1871 220 1920 Omnia
229 1888 285 1920 nam
295 1872 342 1920 late
352 1879 452 1926 vastant,
462 1871 471 1918 i
540 1886 570 1918 uc
579 1870 684 1918 volantes

132 1935 181 1984 Ore
192 1937 272 1985 serunt
282 1936 375 1984 dulcem
386 1935 447 1984 nidis
456 1935 531 1983 inmiti
549 1951 576 1982 us
587 1949 670 1983 escam

131 1997 165 2047 At
176 1999 258 2064 liquidi
270 2001 346 2048 fontes
356 2009 380 2049 et
390 2009 472 2064 stagna
482 2000 582 2048 virentia
592 2014 673 2047 musco

130 2064 226 2118 Adsint,
237 2073 261 2113 et
271 2065 356 2121 tenuis,
366 2066 460 2129 fugiens
470 2079 512 2130 per
519 2064 632 2128 gramina,
642 2063 714 2118 rivus,

131 2128 260 2192 Pomaque
269 2129 408 2178 vestibulum
420 2137 461 2178 aut
470 2131 554 2194 ingens
565 2129 662 2177 oleaster
673 2128 805 2186 inumbret;

131 2193 173 2248 Ut,
184 2209 256 2258 quum
267 2193 343 2306 friusa
352 2195 409 2241 nori
418 2196 507 2244 ducent
518 2195 625 2243 exnnina
636 2208 703 2257 reges
774 2196 804 2240 21

110 2291 112 2297 ι
131 2257 196 2307 Vere
207 2272 257 2313 suo,
276 2259 378 2321 udetque
389 2259 449 2308 favis
459 2261 542 2308 emissa
548 2259 669 2324 juventus,

131 2323 219 2371 Vicina
229 2324 312 2372 invitet
322 2325 436 2373 decedere
446 2325 500 2389 ripa
509 2324 580 2372 calori
589 2343 596 2384 ;

133 2388 257 2452 Obviaque
267 2388 372 2453 hospitiis
381 2398 460 2438 teneat
470 2389 634 2437 frondentibus
644 2386 718 2434 arbos

133 2451 165 2499 In
176 2455 286 2511 medium,
298 2469 338 2502 seu
349 2455 419 2502 stabit
429 2456 499 2510 iners,
509 2470 550 2502 seu
562 2454 661 2518 profluet
672 2452 764 2506 humor,

38 2573 40 2579 A
132 2517 284 2568 Transversas
295 2520 374 2569 salices
385 2529 409 2568 ct
419 2521 517 2584 grandia
526 2519 618 2584 conjice
629 2533 698 2576 saxa;
776 2519 807 2566 26

132 2581 248 2631 Pontibus
259 2593 285 2632 ut
295 2586 382 2634 crebris
393 2587 482 2650 possint
492 2585 624 2640 consistere,
637 2592 660 2633 et
672 2583 720 2630 alas
748 2617 750 2622 -

132 2645 242 2698 Pandere
253 2651 283 2698 ad
295 2651 401 2704 aestirum
412 2651 491 2708 solem,
502 2651 521 2700 si
532 2651 593 2700 forte
603 2656 720 2700 morantes
