1898 2934
330 124 492 182 AENEIDOS
508 125 565 176 Lra.
577 121 629 178 111.
781 129 828 178 1³9

153 253 225 308 Nam,
234 269 289 318 que
298 251 376 317 prime
385 251 434 300 aolo
444 251 521 316 ruptis
531 250 650 300 radicibus
660 250 730 299 orbor

152 317 262 374 Vellitur,
272 317 328 366 buic
339 325 390 366 utro
400 317 416 365 li
434 325 522 365 cuntur
532 316 646 380 sauguine
657 321 738 380 gum,

152 381 186 430 Et
195 390 281 431 terram
291 383 347 430 tabo
358 331 484 430 maouiiant.
511 380 576 430 mhi
586 381 685 446 frigidus
695 382 779 430 borror

151 447 264 496 Membra
273 447 357 512 quatit,
366 446 503 511 gelidusque
514 445 562 495 coit
572 446 697 494 formidine
708 443 808 510 sanguis.

146 511 244 560 Rursus
253 522 279 561 et
289 511 384 560 alterins
393 512 483 560 lentum
493 511 624 560 convellere
633 511 713 560 vimen
793 512 824 560 st

151 575 274 642 Insequor,
285 584 311 624 et
320 592 413 625 caussas
424 577 517 640 penitus
527 583 619 625 tentare
630 577 743 626 latentes:

149 641 211 691 Ater
221 650 247 690 et
256 641 351 690 ulterius
362 641 466 706 sequitur
477 642 508 690 de
518 641 605 690 cortice
616 641 717 706 sanguis.
734 677 737 686 .

150 707 232 754 Multo
242 721 338 754 movens
349 706 434 762 auimo,
443 707 468 755 N
511 707 570 770 pbss
577 707 708 755 venerabor
716 712 825 771 agrestes,

151 770 330 834 Gradivumque
340 779 439 835 pmrem,
451 723 541 820 byrtqu
550 771 592 834 qui
603 771 714 834 presidet
724 771 801 831 urvis;

150 835 209 884 Rite
219 837 377 884 secundarent
386 835 456 890 visua
467 851 582 900 omenque
592 835 705 884 levarent.
791 835 825 884 36

150 899 231 949 Tertia
241 902 282 949 sed
293 909 417 966 postquem
428 901 517 965 majore
527 899 621 948 bestilia
630 899 684 949 uisu

148 965 291 1030 Adgredior,
302 965 447 1030 genibusque
458 967 561 1016 adrem
572 965 680 1014 obluctor
691 979 781 1025 ereum

148 1029 274 1142 qiiloquar,
284 1046 315 1078 au
326 1030 406 1081 sileam
413 1029 434 1092 i)
445 1029 544 1094 gemitum
554 1029 702 1078 lacrimabilis
712 1030 760 1078 imo

174 1096 254 1144 aditur
264 1095 363 1154 tumulo,
374 1103 399 1144 et
408 1111 455 1143 vox
466 1095 559 1144 redditu
569 1096 645 1144 iertur
652 1095 683 1143 ad
692 1109 773 1142 eures:
790 1097 823 1141 4⁰

150 1159 216 1217 Quid
226 1159 344 1215 miserum,
354 1159 438 1216 AEnea,
448 1158 552 1208 ieceras?
565 1159 616 1224 jam
627 1175 698 1224 parce
708 1158 798 1223 sepulto
804 1175 812 1219 ς
890 1209 894 1216 ,

149 1225 226 1272 Parce
237 1223 288 1287 pios
296 1225 410 1274 scelerare
420 1239 510 1275 mouns.
538 1223 596 1272 Nou
607 1241 645 1274 me
654 1224 698 1272 tibi
707 1225 780 1288 Troja

150 1289 282 1348 Externum
292 1289 353 1345 tulit,
363 1298 404 1338 out
414 1303 484 1339 cruor
494 1289 533 1338 bic
544 1289 575 1337 de
586 1289 665 1353 stipite
675 1295 762 1336 monet.
814 1345 820 1352 .

137 1353 220 1421 tileo!
237 1354 293 1416 iuge
303 1355 409 1404 crudeles
419 1363 501 1410 terres,
511 1354 568 1418 fuge
578 1353 632 1402 litus
643 1369 752 1402 marum:

149 1417 214 1466 Nam
225 1417 356 1482 Polydorus
365 1436 417 1484 ego.
445 1418 493 1467 llic
503 1418 621 1468 confixum
633 1419 709 1466 farrea
720 1417 780 1467 texit

148 1483 258 1532 Telorum
269 1499 342 1548 seges,
352 1493 377 1533 et
385 1484 470 1550 jecnlia
480 1483 580 1533 increvit
591 1481 672 1534 acutis.
789 1487 821 1533 46

147 1547 208 1598 Tum
219 1563 275 1598 vero
285 1549 383 1614 ancipiti
393 1558 496 1598 mentem
507 1550 632 1598 formidine
643 1565 735 1614 pressus

148 1615 275 1678 Obstupui,
286 1622 448 1680 steteruntque
456 1631 537 1670 comae,
543 1624 567 1662 et
576 1631 620 1662 vox
629 1615 737 1664 faucibus
745 1613 821 1664 hesit.

145 1691 148 1697 ’
179 1680 252 1728 Hunc
269 1679 415 1744 Polydorum
432 1678 488 1736 ‚auri
505 1680 625 1744 quondam
644 1695 698 1727 cum
717 1681 822 1744 pondero

146 1807 235 1856 Infelix
244 1759 355 1856 ffiffius
365 1807 445 1855 furtim
457 1807 579 1854 monstrat
590 1806 700 1854 alendum
789 1811 821 1856 50

145 1873 257 1921 ThreicIo
269 1873 316 1937 regi
326 1891 333 1934 ;
349 1887 421 1935 quum
429 1873 481 1936 jam
491 1870 609 1918 diffideret
616 1870 686 1918 armis

147 1937 284 1992 Dardanius,
295 1937 404 2002 ciuqune
416 1937 498 1983 urbem
508 1933 630 1982 obsidione
640 1933 739 1984 videret.
750 1929 755 1940 ’

147 2001 200 2055 Ille,
213 2009 239 2047 ut
248 2011 305 2063 opes
316 2003 396 2049 fracte
407 1998 531 2053 Teucrtim,
542 2006 566 2046 et
576 1999 681 2048 Fortuna
689 2003 792 2060 recessit,

146 2065 197 2112 Bes
208 2063 405 2127 Agamemnonius
415 2063 565 2127 victriciaque
576 2079 640 2113 orma
650 2075 752 2124 secutus,

146 2131 192 2178 Fas
203 2129 416 2192 omneabmmpit3
432 2128 577 2193 Polydorum
588 2129 720 2188 obtruncat,
727 2142 752 2182 et
762 2149 820 2182 auro
852 2137 864 2169 Ψ
885 2166 900 2200 .

145 2195 179 2245 Vi
190 2193 287 2258 potitur.
315 2194 380 2251 Quid
391 2201 440 2244 nou
450 2191 557 2242 mortalia
568 2204 663 2258 pectora
673 2198 745 2262 cogis,
787 2203 819 2250 56

145 2260 207 2308 Auri
218 2274 285 2308 secra
295 2259 384 2307 fames?
401 2257 528 2322 Postquam
539 2275 612 2324 pavor
623 2277 675 2309 ossa
685 2263 786 2326 reliquit,

146 2325 258 2374 Delectos
269 2325 350 2388 populi
362 2325 392 2372 ad
404 2324 677 2390 proceres,prim1imque
689 2325 819 2402 parentem,

145 2391 256 2442 Monstra
266 2389 345 2440 Delius
356 2390 439 2445 resero,
450 2398 482 2446 et,
492 2405 546 2454 quse
557 2391 586 2438 sit
596 2398 721 2443 sententia,
732 2405 810 2451 posco.

145 2456 262 2504 Omnibus
271 2455 335 2504 idem
346 2456 437 2504 enimus
448 2455 560 2504 scelerati
570 2455 685 2502 excedere
696 2455 771 2514 temd5
787 2459 819 2504 60

145 2519 233 2582 Linqui
240 2520 355 2584 pollutum
362 2520 497 2584 hospitium,
505 2529 529 2567 et
537 2520 594 2565 dare
602 2515 714 2564 classibus
722 2529 817 2568 anemos.

146 2581 210 2646 Ergo
220 2585 375 2633 instauramus
386 2585 506 2648 Polydoro
516 2583 595 2634 funus,
606 2588 631 2627 et
640 2579 723 2640 iqeus

145 2645 275 2710 Adgeritor
284 2649 374 2698 tumulo
383 2649 468 2708 tellua;
483 2653 546 2694 stant
556 2641 670 2724 quibus
680 2659 735 2705 ese,
