1898 2934
135 119 181 164 172
324 113 486 166 AENEIDOS
502 115 559 166 Lra.
572 115 619 166 lv.

109 218 121 238 '
132 235 287 301 Intenditque
297 236 375 286 locum
386 237 460 293 sertis,
471 245 496 286 et
506 239 591 288 fronde
601 248 700 288 coronat

132 299 240 352 Funere&
246 319 254 363 ;
269 316 348 364 super,
358 303 462 357 exuvias,
474 318 599 367 ensemque
609 305 725 361 relietum,

131 363 285 430 Effigiemque
295 374 346 414 toro
357 366 426 422 locat,
438 369 501 416 haud
512 368 595 432 ignara
604 369 685 416 futuri.
803 413 805 417 .

130 427 199 482 Stant
209 446 254 482 are
266 431 362 487 circum,
373 441 397 481 et
407 433 482 480 crines
490 433 568 480 effusa
578 435 686 482 moerdos
756 437 806 486 509

129 493 177 542 Ter
187 503 282 544 centum
292 503 359 544 tonat
369 513 412 548 ore¹
421 499 485 553 deos,
496 497 653 572 Erebumque,
664 499 797 564 Chaosque,

129 558 338 624 Tergeminemque
349 562 465 618 Hecaten,
473 563 520 610 tria
528 562 678 626 virginus-ora
688 564 803 620 Dimae.‚,·

130 622 252 686 Sparserat
261 637 285 674 et
296 625 376 676 latices
387 627 504 678 simulatos
515 627 587 676 fontia
597 627 703 689 Averni;

129 687 238 738 Falcibus
249 699 273 740 et
283 707 362 742 mesaae
374 693 507 740 adLunam
518 701 656 755 quaeruntur
666 693 732 742 ainis

128 751 248 804 Pubentes
259 757 346 812 herbe,
358 758 418 822 nigri
428 773 482 805 cum
493 751 553 806 lacte
565 758 664 818 veneai3
675 797 678 804 .

129 816 250 878 Quaeritur
257 832 283 870 et
293 823 410 872 nascentis
419 821 474 886 equi
484 823 514 870 de
526 822 604 870 fronte
613 822 725 877 revolsus,
753 825 801 873 515

129 881 163 929 Et
171 885 240 932 metri
250 894 387 964 prereptus,
398 901 469 935 emor.
583 923 585 932 ,
712 927 715 934 .

129 945 143 993 1
161 963 194 1005 aa,
204 951 264 999 molt
275 952 428 1015 manrbusque
439 951 492 1014 piis,
504 949 587 999 alteria
593 949 672 1014 juxta,
800 968 802 976 ¹

153 1028 210 1062 num
220 1024 292 1064 exuta
302 1017 386 1079 pedem
397 1016 488 1070 vinclis,
498 1015 524 1062 in
535 1024 599 1063 veste
610 1014 721 1070 retincti,
798 1033 802 1055 ι

126 1075 236 1128 Testatur
245 1081 358 1128 moritura
368 1081 432 1136 deos,
443 1089 468 1128 et
478 1080 572 1128 conscia
581 1079 625 1127 sati
686 1125 690 1130 .
707 1111 710 1116 -
752 1081 801 1128 519

127 1140 210 1192 Sidera
216 1162 224 1205 ;
239 1152 297 1200 tum,
309 1145 328 1192 si
339 1146 402 1207 quod
412 1160 460 1192 nou
469 1160 537 1208 equo
548 1145 637 1194 soeooe
648 1153 753 1194 amantea

127 1205 197 1256 Cura
209 1223 296 1258 nomen
308 1210 379 1257 habet
385 1210 522 1274 justumque
532 1224 674 1274 memorque,
683 1217 799 1273 precatur.

159 1273 215 1322 Nox
226 1282 283 1330 erat,
295 1283 319 1322 et
329 1273 448 1338 placidum
458 1275 588 1338 carpebant
598 1275 659 1322 fessa
670 1289 778 1338 soporem

126 1336 233 1401 Corpora
243 1355 286 1402 per
297 1347 377 1395 terras,
389 1340 498 1404 silvaque
505 1349 534 1388 ,et
544 1356 607 1390 saeva
617 1338 726 1402 quierunt
776 1361 788 1386 κ

125 1399 230 1464 AEquora
236 1420 243 1464 5
259 1419 331 1468 quum
342 1404 420 1452 medio
430 1405 560 1452 volvuntur.
566 1404 643 1452 sideru
653 1403 727 1466 lapsu,
751 1405 804 1451 524,

127 1466 206 1522 Quum
217 1475 280 1523 tacet
290 1467 364 1514 omnis
372 1480 434 1529 ager,
443 1469 553 1530 pecudes,
561 1467 677 1531 pictaeque
685 1467 799 1521 volueres,

126 1530 231 1592 Quaeque
242 1528 306 1578 lacus
313 1529 360 1578 late
370 1530 477 1593 liquidos,
488 1545 587 1594 qumque
598 1545 681 1593 aspera
690 1530 768 1578 dumis
799 1554 803 1566 ·

125 1591 193 1640 Rura
204 1595 292 1658 tenent,
303 1608 383 1640 somno
394 1594 475 1656 positae
486 1595 530 1642 sub
541 1603 611 1642 nocte
621 1593 705 1643 abead
732 1617 736 1624 ·
800 1633 803 1644 .

125 1655 265 1708 tLeoibant
274 1673 350 1713 curas,
358 1665 382 1706 et
392 1658 464 1706 eorda
472 1659 546 1706 oblita
556 1659 661 1706 laborum
668 1657 690 1705 ⁸.

124 1718 159 1778 At
168 1737 216 1770 non
225 1722 307 1771 infelix
319 1723 390 1772 animi
401 1722 523 1796 Phpenissa
529 1743 537 1785 ;
552 1738 629 1786 neque
640 1738 751 1786 umquam
799 1734 803 1768 e

124 1785 475 1844 Solviturinsomnos,oeulisve
482 1796 523 1848 aut
530 1795 626 1852 pectore
633 1796 727 1846 noctem
748 1790 805 1838 530·

123 1850 235 1917 Adcipit:
252 1853 399 1918 ingeminant
409 1869 486 1914 ουτω
502 1869 627 1917 rursusque
637 1867 759 1916 resurgens

124 1914 196 1964 Saevit
207 1933 278 1974 amor,
290 1935 421 1983 magnoque
431 1919 517 1968 irarum
528 1920 627 1967 fluctuat
637 1926 704 1968 testu.

124 1978 163 2028 sic
174 1982 233 2030 adso
244 1982 335 2039 insistit,
346 1999 471 2048 secumque
481 1984 515 2034 ita
525 1985 596 2034 corde
607 1984 710 2032 volutat:

124 2043 171 2100 En,
182 2045 238 2107 quid
250 2047 307 2110 ago?
324 2063 434 2098 rursusne
445 2065 528 2114 procos
536 2048 608 2099 inrisa
617 2048 706 2113 priores

124 2107 254 2172 Experiar?
271 2109 453 2178 Nomadumque
463 2123 542 2177 petam
553 2113 672 2162 connubia
682 2112 787 2176 supplex,

123 2172 189 2230 Quos
200 2190 243 2238 ego
254 2173 296 2222 sim
308 2177 376 2225 toties
383 2179 435 2242 jam
445 2179 573 2242 dedignata
583 2179 692 2228 maritos?
747 2177 796 2224 5³6

123 2237 209 2287 Iliacas
218 2239 289 2304 igitur
299 2240 391 2298 classes,
402 2252 472 2307 atque
480 2245 562 2292 ultima
572 2243 688 2292 Teucrdm

122 2303 200 2360 Jussa,
211 2305 308 2370 sequar?
324 2306 410 2369 quinne
421 2307 507 2356 auxilio
514 2309 584 2372 juvat
594 2315 649 2356 ante
660 2306 754 2377 levatos,

122 2366 174 2416 Aut
184 2371 244 2422 bene
255 2371 319 2434 apud
329 2385 442 2420 memores
451 2375 536 2420 veteris
547 2379 593 2419 stat
603 2367 757 2434 gratiasacu?

123 2432 183 2490 Quis
193 2435 374 2491 nordmaniae
381 2435 449 2491 velle,
460 2437 534 2484 sinet?
551 2437 669 2483 ratibusve
680 2431 786 2495 superbis

122 2495 227 2548 Invitam
235 2501 350 2564 adcipiat?
362 2500 437 2548 neseis
444 2500 499 2556 heu,
508 2499 608 2564 perdita,
615 2497 718 2546 necdum
743 2499 792 2547 541

122 2559 303 2614 Laomedonteae
314 2564 385 2618 nutis
396 2564 500 2630 perjuria
509 2564 600 2628 gentis?
672 2607 673 2612 ,
740 2583 744 2592 ·

122 2623 188 2682 Quid
198 2631 264 2680 tum?
280 2631 329 2692 sola
339 2630 395 2696 fugd
403 2638 488 2702 nauus
498 2627 627 2682 comitabor
637 2625 749 2678 ovantes?
763 2662 765 2672 .
793 2673 799 2680 .
