1898 2934
333 131 498 182 AENEIDOS
514 133 571 182 Lrs.
582 133 620 184 11.
770 137 817 184 119

140 254 196 304 Nec
207 251 265 302 mihi
272 254 323 318 jem
334 255 435 319 petriam
446 256 567 318 antiquom
577 271 631 318 spes
642 255 691 303 ullo
700 255 807 312 ridendi,

140 315 196 370 Nec
207 319 288 368 dulces
298 329 367 368 ustos
378 327 559 383 exoptatumque
571 327 709 384 parentem

141 385 210 442 Quos
219 384 254 433 illi
265 386 312 432 fors
324 386 355 432 sd
366 388 448 448 poenus
459 385 489 431 ob
501 391 580 431 nostra
590 392 717 450 reposcent

141 449 247 513 Effugia,
257 457 282 498 et
292 450 387 514 culpam
398 451 459 497 hunc
470 449 607 496 miserorum
618 458 692 498 morte
703 450 811 514 piabunt.

143 514 215 573 Quod
226 522 258 569 te,
268 529 310 578 per
321 529 425 578 superos,
435 521 460 562 et
470 513 564 562 conscia
574 516 672 562 numine
679 517 737 572 veri,
771 519 819 564 141

143 577 199 635 Per,
211 580 230 627 si
240 595 287 644 qus
297 589 341 636 est,
351 595 403 643 quae
415 586 486 627 restet
493 579 572 626 edhuc
580 581 715 627 mortalibus
723 595 821 646 usquam

144 643 290 692 Intemersts
301 645 368 700 fides,
378 659 428 699 oro,
439 643 548 692 miserere
559 642 666 692 laborum

144 709 290 769 Tantorum3
306 709 416 758 miserere
427 709 500 757 animi
511 723 559 755 non
571 707 643 772 digne
654 708 756 758 ferentis.

179 773 224 822 His
235 773 336 822 lacrimis
346 775 419 822 vitum
429 775 520 829 dumus,
531 781 556 820 et
567 773 735 822 miserescimus
745 773 814 821 ultro.

145 837 203 902 Ipse
214 838 266 886 viro
275 839 364 902 primus
374 839 478 886 mouicss
489 846 559 902 etque
570 845 622 884 arta
632 835 705 884 levari
774 843 822 887 146

145 903 234 951 Vincla
239 903 311 980 jubet
321 905 431 953 Priamus
437 921 445 965 ;
461 903 575 967 dictisque
586 903 621 950 its
631 902 694 948 fstur
706 902 798 949 amicis:

147 967 258 1031 Quisquis
269 984 301 1023 es,
313 969 407 1016 amissos
418 969 474 1016 hinc
481 969 533 1032 jam
544 966 682 1014 obliviscere
693 965 792 1026 Graios3

147 1032 238 1080 Noster
248 1034 307 1094 eris;
325 1033 428 1098 mihique
439 1033 491 1080 haec
502 1032 603 1080 edissere
614 1047 671 1079 vera
680 1030 779 1094 roganti.

148 1097 206 1154 Quo
221 1097 305 1146 molem
319 1100 381 1146 hanc
397 1097 497 1144 inmanis
508 1097 562 1160 equi
574 1096 691 1144 statuere?
707 1094 759 1159 quis
770 1109 825 1142 suc·

246 1163 298 1209 tor?
777 1165 825 1208 150

150 1225 246 1283 Quidve
254 1225 350 1290 petunt?
362 1239 414 1286 quae
423 1225 517 1288 religio?
529 1233 570 1272 sut
577 1241 629 1289 qum
639 1223 748 1272 muchins
756 1224 826 1272 belli?

151 1291 260 1338 Dixerat
290 1289 335 1338 Ille
346 1289 405 1336 dolis
416 1291 543 1337 instructus
553 1297 577 1337 et
588 1297 639 1337 orte
649 1289 757 1352 Pelasgi,

152 1353 251 1404 Sustulit
261 1363 344 1403 exutas
355 1354 439 1403 vinclis
450 1355 481 1402 sd
492 1353 569 1401 sidera
580 1354 684 1418 polinas:
748 1377 751 1386 v

152 1420 211 1474 Vos,
222 1420 305 1468 aetemi
316 1420 390 1484 ignes,
401 1428 425 1468 et
436 1435 484 1467 nou
495 1417 605 1467 violabile
615 1425 718 1468 vestrm

52 1503 57 1512 ¹
151 1484 235 1532 Testor
244 1500 341 1542 numen,
352 1485 385 1532 eit
391 1503 399 1547 ;
415 1501 457 1533 vos
467 1499 522 1540 crae,
533 1499 646 1550 ensesque
657 1484 763 1541 nefandi,
779 1487 826 1536 155

153 1549 220 1606 Quos
230 1550 288 1614 lugi,
298 1551 409 1615 rittmque
420 1549 507 1604 Destm.
518 1565 575 1615 quas
586 1550 662 1598 hostio
672 1551 745 1615 gessi:

154 1614 200 1662 Fas
210 1615 267 1662 milri
278 1615 404 1666 Graiorum
416 1622 507 1664 morato
516 1616 632 1664 resolvere
640 1616 703 1680 jure,

154 1677 201 1728 Fss
211 1680 287 1730 odisse
297 1681 367 1736 viros,
376 1689 446 1746 utque
456 1680 536 1728 omnis
545 1681 607 1728 serre
618 1681 662 1727 sub
673 1695 749 1736 ouras,

155 1742 181 1791 si
191 1759 239 1808 qus
247 1752 331 1810 tegunt
337 1764 345 1808 ς
361 1753 443 1794 teneor
455 1745 537 1809 patrie
548 1759 593 1792 nec
604 1744 694 1807 legibus
705 1743 764 1790 ullis.

154 1808 192 1857 Tu
202 1809 272 1857 modo
283 1811 401 1874 promissis
411 1823 514 1865 maneos,
525 1816 663 1871 servataque
673 1823 751 1856 serves
783 1813 831 1857 16⁰

156 1873 229 1938 Troja
239 1874 317 1931 fidem,
329 1874 349 1922 si
358 1890 417 1923 vero
423 1876 505 1930 ierom,
517 1873 536 1921 si
547 1889 633 1937 magna
643 1873 779 1936 rependum.

189 1938 273 1986 Omnis
283 1955 336 2003 spes
346 1939 465 1996 Densum,
475 1945 500 1987 et
510 1938 582 2002 coepti
592 1937 679 1986 fiducia
689 1937 745 1985 belli

158 2001 262 2050 Pslledis
273 2003 365 2052 auxiliis
375 2020 467 2068 semper
478 2004 548 2052 stetit.
577 2002 661 2066 Inpius
672 2019 701 2051 ex
712 2017 759 2068 quo

157 2065 263 2129 Tydides
274 2069 315 2114 sed
325 2069 395 2124 euim,
406 2070 565 2133 scelerumque
574 2067 684 2116 inventor
694 2069 784 2124 Ulixes,

158 2129 241 2179 Fatale
250 2131 353 2194 adgressi
363 2131 453 2181 sacrato
465 2134 565 2182 evellere
576 2133 663 2196 templo
774 2135 833 2184 165

159 2195 301 2250 Palladium,
313 2197 377 2246 caesis
388 2199 483 2246 summ'ae
495 2197 709 2265 custodibushsrcis,
813 2245 815 2249 Α

160 2261 307 2324 Corripuere
312 2271 411 2309 sacram<
417 2261 529 2326 effigiem*
535 2262 688 2328 manibusque
699 2259 802 2310 cruentis

159 2327 285 2390 Virgineus
296 2326 347 2374 susi
356 2327 418 2374 dive
428 2327 564 2390 contingere
573 2327 658 2388 vittes;

161 2390 199 2438 Er
209 2391 250 2439 illo
261 2391 334 2439 liuere
345 2397 446 2440 ceretro
457 2391 567 2455 sublapsa
575 2392 659 2439 referri

162 2455 221 2518 Spes
232 2455 350 2512 Dansiim,
358 2457 439 2504 frnotae
450 2457 519 2510 vires,
530 2469 612 2502 sverss
622 2455 682 2502 Deae
693 2467 768 2500 mens.
786 2457 835 2503 1⁷0

163 2519 217 2567 Nec
228 2519 305 2567 dubiis
316 2537 345 2568 es
354 2521 421 2584 signs
431 2520 499 2568 dedit
507 2518 615 2568 Tritonis
624 2515 739 2562 monstris.

163 2581 213 2630 Vix
224 2585 325 2658 positum
335 2585 416 2632 castris
424 2583 588 2639 simulacrum
604 2593 681 2626 arsere
692 2593 793 2630 corusce

165 2644 305 2695 Lummibus
316 2648 414 2698 flumme
425 2647 535 2702 adrectis,
545 2643 664 2707 salsosque
674 2657 716 2708 per
727 2651 790 2692 ortus
