1878 2930
134 127 168 176 48
257 141 260 151 ·
307 119 515 172 GEORGICON
531 119 637 172 Laeli.

134 244 288 310 Exspectant,
298 253 323 294 et
333 245 388 294 viva
398 244 440 292 sui
451 244 568 308 plantaria
577 245 640 294 terri
648 264 655 308 3

134 310 178 360 Nil
188 312 274 360 radicis
284 319 355 374 egent
366 311 432 371 eliae3
448 325 609 373 summumque
620 318 715 375 putetur

134 375 208 424 Haud
218 376 312 425 dubitat
321 383 390 423 terre
400 376 505 423 referens
515 375 628 424 mundare
637 391 758 425 cacumen

133 440 199 498 Quin
210 448 236 490 et
245 440 381 490 caudicibus
391 439 460 488 sectis
469 439 589 504 (mirabile
599 437 679 505 dictu)
690 479 696 488 .
774 443 807 491 30

132 505 246 554 Truditur
256 521 270 554 e
280 505 342 554 sicco
353 505 420 553 rsdix
430 505 538 568 oleagina
548 505 619 568 ligno.

133 569 167 617 Et
177 587 240 635 sepe
250 569 345 618 alterius
355 585 431 618 ramos
440 570 531 634 inpune
541 570 648 618 videmus

132 635 234 684 Vertere
245 635 270 682 in
281 635 384 691 alterius,
395 642 554 698 morsumque
564 635 634 684 insita
644 635 707 684 mals

132 697 204 748 Ferre
215 699 300 764 pirum,
310 707 335 748 et
345 699 427 764 prunis
437 699 543 764 lapidosa
552 699 675 749 rubescere
686 715 765 749 corna.

164 765 245 822 Quare
255 765 318 828 agite
327 781 351 821 o,
361 764 467 830 proprios
478 764 607 829 generatim
617 765 700 814 discite
710 765 794 820 cultus,

131 825 257 892 Agricolre,
267 832 403 894 fructusque
413 831 475 877 seros
486 829 573 877 mollite
584 829 698 890 colendo;
772 833 805 880 36

132 892 189 942 Neu
200 911 283 960 segnes
289 896 387 960 jsoeent
397 903 474 942 terre.
501 894 575 943 Juvat
585 893 676 943 Ismsra
686 895 782 945 Baccho

131 955 270 1016 conserere,
281 968 351 1024 atque
361 959 413 1007 olei
423 973 535 1022 magnum
545 959 630 1008 vestire
639 960 783 1008 Taburnum.

130 1021 214 1088 Tuque
225 1027 288 1082 edes,
297 1026 464 1089 inceptumque
475 1024 524 1071 uni
534 1024 633 1072 decurre
642 1024 754 1081 laborem,

131 1087 246 1146 Odecus,
257 1105 272 1138 o
282 1091 350 1138 lame
362 1089 445 1137 merito
454 1104 508 1152 psrs
519 1103 628 1136 maxuma
638 1097 732 1146 nostre,
769 1093 804 1139 to

129 1150 260 1212 Maeoenas,
271 1155 401 1219 pelagoque
411 1149 493 1201 volens
504 1153 536 1200 da
545 1153 598 1201 vele
609 1154 705 1216 patenti.

128 1216 186 1266 Non
195 1235 240 1284 ego
250 1227 336 1268 cuncta
346 1219 405 1267 meis
416 1219 526 1282 umpleeti
535 1218 640 1266 versibus
650 1228 707 1282 opto
713 1236 721 1278 3

128 1281 195 1340 Non,
207 1285 265 1334 mihi
276 1285 295 1332 si
306 1283 392 1347 lingum
404 1292 499 1332 centum
510 1283 564 1337 sint,
575 1297 662 1347 oraque
673 1290 776 1340 centurn,

127 1345 215 1397 Ferrea
225 1366 285 1398 vox:
301 1351 367 1403 sdes,
377 1356 402 1395 et
413 1348 482 1411 primi
492 1348 544 1411 lege
555 1347 628 1394 litoris
639 1363 710 1397 orem.

128 1410 159 1459 In
170 1414 278 1462 manibus
288 1421 372 1472 terre5
387 1427 436 1458 non
448 1411 487 1458 hic
498 1422 521 1459 te
532 1411 635 1458 carmine
646 1412 708 1467 ficto,
768 1416 801 1462 4⁵

126 1476 207 1538 Atque
218 1492 261 1539 per
272 1477 381 1537 ambages
391 1483 416 1523 et
426 1474 497 1537 longa
506 1489 596 1529 exorsu,
605 1476 699 1522 tenebo.
719 1509 723 1522 .

159 1541 248 1604 Sponte
258 1541 299 1587 sui
309 1555 362 1602 quae
373 1553 398 1586 se
408 1537 495 1586 tollunt
505 1539 530 1586 in
540 1538 634 1586 luminis
644 1554 704 1595 oras,

125 1603 261 1652 Insecuude
270 1605 373 1670 quidem,
385 1604 427 1650 sed
438 1603 493 1651 laeta
502 1611 527 1651 et
537 1603 607 1650 sortis
617 1613 716 1668 surgrmt
722 1623 730 1666 ;

129 1669 225 1734 Quippe
236 1669 285 1720 solo
294 1676 380 1718 natura
391 1668 477 1717 subest.
504 1669 595 1717 Temen
607 1669 658 1718 heo
668 1686 770 1735 qnoque,
779 1669 800 1718 si

239 1751 275 1782 urs
298 1763 303 1772 ·

125 1750 279 1855 Inseratflaut
289 1797 409 1848 scrobibus
419 1798 516 1848 mandet
525 1803 616 1847 mutsta
625 1799 735 1855 subactis,
765 1801 800 1850 ⁵0

126 1863 243 1912 Exuerint
253 1866 381 1913 silvestrem
392 1864 503 1919 animum,
514 1863 627 1926 cultuque
637 1864 754 1930 frequenti

125 1927 156 1976 In
166 1945 325 1994 quoscumque
335 1944 404 1977 voces
415 1937 477 1980 artes
488 1929 552 1976 haud
562 1929 632 1977 tarde
642 1937 776 1994 sequentur.

124 1991 178 2042 Nec
189 2009 238 2041 non
249 2002 274 2043 et
284 1993 375 2049 sterilis,
385 2009 439 2059 quse
450 1993 560 2058 stirpibus
570 1992 620 2041 erit
630 1994 661 2041 sb
672 1994 732 2050 imis,

124 2055 179 2104 Hoc
189 2058 269 2115 faciet,
279 2073 365 2107 vscuos
375 2059 395 2106 si
406 2060 436 2108 sit
446 2061 538 2123 digestu
547 2072 591 2122 per
601 2073 684 2121 agrosz
707 2087 710 2096 ·

124 2120 197 2170 Nunc
209 2122 262 2171 alte
274 2124 369 2173 frondes
379 2131 404 2172 et
414 2125 473 2172 mani
484 2123 563 2172 matris
573 2131 683 2186 opacant,
763 2122 796 2172 55

124 2184 294 2250 crescentique
304 2189 412 2236 adimunt
422 2189 492 2245 setus,
502 2195 619 2250 uruntque
630 2189 752 2236 terentem.

156 2251 219 2309 Ju,
228 2268 282 2317 quse
292 2253 419 2300 seminibus
426 2253 497 2317 jectis
507 2269 532 2302 se
542 2253 635 2300 sustulit
645 2252 722 2308 arbos,

124 2315 287 2373 innarenn,
298 2317 355 2364 seris
365 2317 457 2366 factura
467 2317 592 2382 nepotibus
602 2316 724 2377 umbrem5

124 2380 245 2447 Pomaque
254 2384 399 2446 degenerant
410 2397 490 2430 succos
502 2381 575 2429 oblita
584 2381 674 2444 priores
680 2398 689 2442 3

124 2443 157 2494 Iit
168 2453 249 2512 turpes
260 2447 342 2500 esibus
352 2447 457 2510 predum
468 2447 514 2495 sert
525 2462 571 2494 uve
581 2460 693 2496 racemos.
761 2447 796 2493 60

124 2508 219 2561 Scilicet
229 2513 337 2563 omnibus
347 2519 383 2560 est
392 2512 459 2560 lebor
468 2511 648 2576 inpendendus5
664 2519 689 2559 et
699 2523 779 2556 omnes

124 2571 245 2692 Csppepgp
252 2579 281 2656 in
292 2578 427 2692 qulcugqflac
439 2577 512 2626 multi
522 2574 770 2690 meroeqteedomsude.

238 2659 272 2694 us
282 2659 340 2695 oete
407 2657 440 2700 us,
451 2657 580 2709 propagine
589 2657 614 2690 rr
636 2654 649 2688 s
