1898 2934
143 126 176 172 96
341 117 507 169 AENEIDOS
523 118 580 168 Lrn.
591 115 615 169 1.

141 243 189 292 Sed
200 249 267 307 puer
277 242 426 307 omnipotens
436 242 554 306 speluncis
564 240 658 291 abdidit
667 241 731 299 ubis,
783 247 817 293 60

142 309 197 359 Hoc
207 317 328 370 metnens;
343 307 474 372 molemque
484 316 510 358 et
519 314 609 356 montes
618 307 715 372 insuper
726 306 786 357 altos

142 373 253 438 Inposuit
259 390 267 433 ς
282 388 407 436 regemque
418 372 494 436 dedit,
504 373 546 437 qui
555 372 645 420 foedere
655 380 720 420 certo

141 438 175 486 Et
187 452 300 502 premere,
311 445 335 486 et
345 438 410 486 luxus
419 439 490 487 sciret
499 439 557 486 dure
564 437 644 502 jussus
653 437 766 486 hebenus

140 502 182 551 Ad
192 517 263 566 quem
273 510 323 550 tum
333 503 398 552 Iuno
409 519 420 550 s
454 503 509 580 pler
520 502 557 550 bis
567 501 664 550 vocibus
675 517 718 550 use
728 511 778 550 est:

173 566 252 622 AEole,
262 582 364 632 numque
374 519 517 618 libidinem
531 573 600 632 puter
614 574 684 632 etque
695 568 816 616 bominum

140 695 174 744 Et
184 647 286 745 muliirxe
296 697 364 745 dedit
373 697 458 746 fluetus
468 705 493 745 et
505 695 585 745 tollere
595 702 675 754 vento,
783 635 822 692 ὁδ’

141 760 208 809 Gens
216 755 311 810 inimi'cu
320 762 378 810 mibi
388 763 538 826 Tyrrhenum
548 760 602 808 ues'
633 768 645 809 t
654 777 743 826 equor,

141 823 214 874 Ilium
224 827 249 874 in
260 827 354 876 Ituliem
364 829 461 892 portans
471 827 590 890 victosque
622 834 718 876 euntes:

138 889 226 940 Incnte
236 892 284 940 vim
293 893 378 948 ventis,
388 891 564 957 submersusque
574 889 648 939 obrue
657 906 765 956 puppes;

140 954 192 1006 Aut
202 971 247 1020 ege
257 958 361 1006 diversos
367 974 375 1017 ;
390 964 416 1004 et
425 955 509 1021 disjice
519 969 618 1019 corpore
628 964 709 1019 ponto.
781 959 814 1006 to

141 1019 203 1069 Sunt
212 1021 272 1070 mibi
280 1023 317 1070 bis
327 1029 417 1086 septem
428 1020 550 1085 prestanti
560 1035 658 1084 corpore
669 1021 799 1086 Nymphae,

140 1083 256 1144 Quarum,
266 1103 319 1151 qure
330 1086 404 1135 sormi
415 1085 580 1150 pulcherdme
591 1084 723 1150 Deiopeetn

140 1149 266 1200 connubio
273 1153 374 1217 jungam
384 1151 462 1199 subin
472 1151 637 1216 propriumque
648 1151 733 1200 dioebo
740 1169 755 1214 ς,7

140 1214 230 1264 Omnes
240 1225 266 1265 ut
276 1226 355 1266 tecum
365 1216 453 1266 meritis
462 1232 506 1280 pro
516 1215 601 1265 telibus
610 1232 685 1264 annos

140 1279 235 1344 Exiget,
246 1290 270 1330 et
281 1282 379 1346 pulchri
388 1281 460 1329 faciet
470 1289 494 1330 te
504 1281 571 1347 prole
581 1290 710 1345 putentem.
779 1282 818 1331 75·

172 1347 257 1394 AEolus
267 1348 319 1396 hee
329 1355 424 1395 eunus:
440 1347 514 1402 Tuus,
523 1361 538 1394 o
546 1347 635 1409 regina,
645 1347 703 1411 qnid
714 1353 781 1410 optes

140 1407 271 1474 Explorure
280 1411 361 1471 lubor3
376 1410 434 1457 mihi
441 1407 509 1474 jussis
518 1425 639 1474 capessere
649 1413 685 1458 ies
695 1421 737 1458 est

138 1473 177 1522 Tu
188 1475 253 1530 mibi,
264 1476 428 1537 quodcumque
438 1475 483 1522 hoc
493 1475 569 1537 regni,
579 1481 607 1520 tu
617 1483 710 1538 sceptra
718 1474 814 1523 Jovem·

252 1555 283 1586 ue

140 1553 273 1663 ennodii„
287 1611 315 1650 tu
325 1603 369 1650 dus
379 1601 454 1664 epulis
464 1601 606 1650 adcumbere
616 1600 713 1657 Divbm,

140 1665 329 1730 Nimborumque
340 1665 398 1715 tucis
408 1674 620 1730 tempestatumque
632 1674 760 1729 potentem.
781 1669 813 1714 80

171 1731 233 1781 Haee
245 1732 286 1780 ubi
296 1733 368 1788 diets,
378 1746 462 1780 eurum
472 1731 583 1780 conversi
593 1731 692 1795 cuspide
702 1739 805 1780 montem

77 1809 80 1814 ·
141 1795 234 1860 Inpulit
243 1797 270 1846 in
280 1798 341 1846 letus
347 1815 355 1859 ;
370 1811 399 1845 oc
410 1796 483 1852 venti,
493 1795 558 1844 velut
568 1795 661 1858 agmine
672 1797 743 1853 fecto,
755 1817 757 1822 ·

142 1862 198 1920 Qut
207 1863 264 1911 dete
274 1871 350 1928 porte,
361 1870 441 1918 rutmt,
450 1870 475 1910 et
484 1869 559 1910 terres
568 1860 663 1909 turbine
673 1862 781 1926 perflent.

141 1925 277 1976 Incubuere
287 1928 354 1984 muri,
363 1935 485 1991 totumque
495 1943 510 1973 e
520 1925 613 1973 sedibus
623 1926 676 1975 imis

141 1991 333 2058 nuruumque
344 1993 469 2056 Notusque
479 1998 551 2040 ruunt
560 1990 689 2056 creberque
700 1990 807 2056 procellis

142 2055 247 2113 Africus,
258 2066 282 2106 et
292 2065 370 2106 vastos
379 2058 478 2107 volvunt
488 2058 521 2105 ed
529 2055 599 2102 litore
609 2056 702 2106 fluetus.
782 2060 815 2106 86

142 2119 280 2186 Insequitur
289 2122 350 2171 clem
392 2139 422 2172 ue
431 2123 508 2171 vireu
518 2121 649 2184 stridorque
659 2124 795 2170 rudentum.

143 2185 255 2250 Eripiunt
265 2187 342 2236 subito
351 2203 386 2235 nu
417 2203 427 2235 s
436 2187 567 2250 eoelumque
577 2186 698 2252 diemque.

141 2251 287 2300 Teucrorum
297 2269 327 2302 ex
338 2253 426 2314 oeulis;
441 2262 514 2318 ponto
525 2266 572 2299 nor
582 2251 680 2302 meubm
691 2257 749 2298 etro„

141 2316 272 2366 Intonuere
283 2318 339 2383 poli,
349 2326 374 2366 et
383 2318 471 2366 crebris
481 2318 553 2366 micet
562 2316 657 2378 ignibus
667 2317 742 2364 ether
748 2333 756 2378 3
783 2318 816 2364 90

143 2381 333 2450 Rraesentemque
342 2383 398 2431 viris
407 2383 527 2431 intentent
536 2379 616 2429 omniu
626 2389 732 2432 mortem.

143 2447 269 2514 Extemplo
280 2451 365 2499 AEnee
375 2448 496 2497 solvuntur
509 2447 597 2510 frigore
606 2447 718 2496 membre.

144 2512 254 2578 Ingemit,
265 2524 297 2572 et,
307 2514 414 2580 duplices
424 2515 525 2563 tendens
535 2511 566 2559 ed
577 2511 654 2560 sidere
665 2511 762 2576 pulmcs,
824 2522 828 2529 ’

142 2577 210 2626 Talia
219 2596 277 2630 voce
288 2582 373 2631 refert:
390 2581 412 2630 0
424 2588 506 2646 terque
516 2584 645 2643 quaterque
655 2577 730 2626 beuti!

142 2641 217 2702 Quoi*
226 2656 285 2720 oute
292 2664 334 2722 orn⁸
343 2654 438 2715 petrum
447 2645 524 2713 Troje
535 2643 579 2696 sub
590 2643 710 2716 menibus,
717 2642 770 2694 eltis
785 2642 820 2710 95
