1878 2930
135 147 167 192 ‹23
312 137 496 195 BUCOLICA,
512 139 576 189 Eur..
587 140 634 190 lx.

416 294 538 328 aremus.

135 360 175 410 Sic
186 370 227 410 tua
237 359 345 426 Cyrneas
357 359 449 423 fugiant
461 360 570 408 examina
580 368 662 422 taxos;
778 367 813 413 30

136 427 175 476 sic
185 427 260 491 cytiso
272 434 345 490 pastae
358 425 495 472 distendant
506 425 580 474 ubera
591 442 683 474 vsccae:

136 491 229 555 Incipe,
240 490 327 554 siquid
339 490 419 538 habes.
448 491 481 538 Et
492 506 528 538 me
540 491 618 539 fecere
629 491 724 554 poetam

136 556 257 616 Pierides;
274 563 361 604 suntet
372 554 429 602 mihi
440 555 544 603 carmina
550 573 558 615 ;
575 572 612 604 me
623 571 716 620 quoque
727 555 812 608 dicunt

136 622 223 670 Vstem
235 629 353 684 pastores:
372 621 414 668 sed
426 636 474 667 nou
486 635 529 684 ego
541 620 650 668 credulus
661 621 712 669 iliis.

135 686 162 736 N
163 702 201 733 am
212 700 289 748 neque
301 685 378 732 adhuc
390 684 463 733 Vario
474 685 565 739 videor,
575 700 620 732 nec
631 685 709 734 dicere
720 685 801 736 Cinna

136 750 225 814 Digna,
236 749 278 798 sod
289 757 383 814 argutos
393 749 455 798 inter
465 757 569 814 strepere
581 765 650 798 anser
661 751 742 800 olores.
776 755 810 803 36

424 871 520 906 uentu

135 937 168 986 Id
187 937 283 1003 quidem
302 955 355 1006 ago,
374 947 398 987 et
417 938 511 996 tacitus,
531 937 631 1004 Lycida,
649 955 741 990 mecum
759 939 811 1006 ipse

230 1006 319 1060 voluto,

135 1067 161 1116 Si
171 1067 262 1117 valeam
273 1067 419 1131 meminisse3
434 1083 512 1132 neque
522 1076 558 1117 est
568 1069 671 1134 ignobile
679 1085 782 1119 carmen.

137 1133 193 1183 Huc
204 1134 267 1190 ades,
275 1151 290 1181 ο
301 1133 416 1196 Galatea3
432 1134 484 1198 quis
495 1143 530 1182 est
541 1151 596 1182 nam
609 1135 678 1182 ludus
687 1135 712 1181 in
724 1135 810 1182 undis?

136 1197 185 1247 Hic
196 1213 238 1246 ver
248 1213 393 1263 purpureum
397 1217 405 1257 3
421 1198 497 1246 varios
508 1197 547 1247 hic
558 1199 656 1246 flumina
666 1199 754 1247 circum
777 1205 811 1250 40

137 1263 227 1311 Fundit
238 1264 323 1312 humus
334 1263 417 1325 flores;
432 1261 472 1310 hic
482 1262 586 1311 candida
595 1264 697 1328 populus
707 1271 775 1312 antro

136 1326 249 1382 Inminet,
260 1337 284 1376 et
295 1328 365 1375 lentae
375 1335 460 1375 texunt
471 1328 607 1375 umbracula
616 1329 683 1376 vites.

138 1392 195 1442 Huc
206 1393 276 1440 ades:
293 1391 370 1438 insani
381 1392 533 1440 seriantsiue
542 1393 611 1440 litora
621 1393 713 1442 ductus.

412 1522 535 1554 metuas.

136 1587 209 1646 Quid,
220 1603 272 1651 quae
282 1595 307 1635 te
318 1585 379 1649 purd
390 1586 464 1634 solum
475 1571 518 1633 sub
529 1594 734 1638 nocte-canentem

135 1652 279 1702 Audieram?
296 1665 405 1700 numuos
415 1650 519 1708 memini,
530 1651 550 1699 si
560 1653 633 1702 verba
642 1662 755 1712 tenerem.
776 1659 809 1706 4⁵

424 1773 519 1810 unare.
600 1807 602 1812 .

136 1838 242 1902 Daphni,
252 1839 311 1906 quid
323 1837 431 1904 entiquos
441 1839 560 1902 signorum
570 1839 669 1905 suspicis
679 1843 760 1890 ortus?

134 1903 199 1952 Ecce
210 1903 304 1953 Dionaei
316 1903 428 1966 processit
439 1904 539 1952 Caesaris
550 1913 654 1966 astrum

133 1968 239 2023 Astrum,
250 1983 297 2033 quo
308 1976 397 2031 segetes
424 1969 539 2017 auderent
550 1969 664 2033 frugibus,
675 1977 700 2018 et
710 1985 758 2033 qno

134 2032 241 2081 Duceret
253 2033 337 2096 apricis
348 2032 373 2080 iu
384 1985 483 2081 coitibus
495 2049 541 2081 uva
552 2034 660 2082 colorem.
775 2039 809 2085 49

133 2096 225 2152 Insere,
236 2097 344 2162 Daphni,
355 2098 434 2162 piros3
449 2105 547 2161 carpent
558 2105 600 2145 tus
610 2113 681 2161 poma
691 2114 722 2148 ne
755 2107 797 2148 tes.

134 2161 223 2210 Omnia
233 2162 279 2210 sert
290 2171 355 2216 retas,
367 2163 471 2210 animum
482 2178 588 2226 quoque;
599 2178 661 2228 saepe
673 2178 716 2228 ego
736 2179 810 2229 ongos

135 2225 261 2275 Cantando
270 2242 369 2292 puerum
379 2226 474 2276 memini
484 2242 523 2274 me
533 2228 635 2275 condere
645 2228 711 2276 soles.

135 2291 208 2340 Nunc
219 2292 292 2340 oblita
303 2290 360 2339 mihi
371 2297 407 2338 tot
417 2291 522 2340 carmina
528 2308 536 2351 ;
552 2307 598 2340 vox
608 2307 702 2356 quoque
712 2291 802 2342 Moerin

133 2357 189 2405 Jam
200 2357 261 2422 fugit
271 2357 337 2432 ipsa:
353 2355 403 2420 lupi
415 2355 504 2404 Moerin
516 2355 598 2406 videre
609 2357 704 2422 priores

135 2419 181 2469 Sed
192 2429 272 2470 tamen
283 2428 327 2470 rste
338 2419 393 2469 satis
403 2419 490 2468 reseret
501 2417 544 2467 tibi
555 2435 619 2487 sepe
630 2421 760 2471 Menalcas
778 2423 811 2472 ⁵5

409 2540 533 2574 nucinas.

132 2605 269 2657 Csussando
279 2614 370 2656 nostros
380 2605 407 2654 in
417 2606 514 2670 lengun
525 2605 594 2656 ducis
606 2621 704 2656 amores.
