1888 2924
294 140 454 194 AErtmuos
469 144 526 194 Lm.
537 146 612 197 VIII.
742 153 788 200 261

120 251 188 317 Quid
198 276 289 312 cnussru
300 267 360 329 petis
368 284 398 315 ex
409 267 471 314 olto?
488 266 574 314 fiducie
583 268 652 316 cessit
739 275 787 321 ³95

120 325 178 382 Quo
188 326 238 385 tibi,
249 330 319 386 Divo,
330 332 390 379 mei?
407 331 486 379 similis
497 331 516 378 si
526 347 583 379 cura
593 333 681 388 fuisset,

119 389 182 437 'sum
192 407 283 457 quoque
294 397 329 443 lus
340 397 406 443 nobis
416 397 518 444 Teucros
528 411 617 445 armare
628 399 724 459 luisset;

121 453 176 502 Neo
187 457 258 506 Poter
268 461 414 524 omnipotens
423 461 526 525 Trojam,
536 476 580 509 nec
591 463 640 511 ista
649 463 762 511 vetabant

121 517 196 576 Stare,
204 523 332 587 decemque
340 525 396 572 alios
404 525 522 572 Primnum
531 541 648 588 superesse
657 543 699 592 per
706 543 787 576 annos.

121 583 155 631 Et
165 601 236 643 nunc,
247 589 266 635 si
278 589 364 636 bellare
374 605 450 652 puras,
458 599 528 652 utque
539 591 589 638 hec
600 591 643 639 tibi
653 609 718 640 mens
729 602 771 647 est,

121 647 244 714 Quidquid
255 653 280 699 in
292 661 340 701 arte
351 654 403 702 mei
412 669 504 717 possum
512 654 644 717 promittere
652 673 723 713 curm,
738 663 786 707 401

122 713 194 768 Quod
205 715 256 762 lieri
266 718 328 764 ferro
338 718 454 782 liquidove
465 727 541 782 potest
551 719 644 774 electro,

122 777 244 833 Quantum
255 781 320 844 ignes
330 785 459 847 animeque
470 783 563 842 valent;
579 784 663 831 absiste
671 787 797 850 precando·

118 840 217 890 Viribus
227 844 360 896 indubitare
370 847 423 896 tuis.
452 849 488 895 Ea
499 849 572 896 verbo
581 848 678 904 locutus,

122 905 224 970 Optatos
234 910 300 959 dedit
310 913 438 976 amplexus,
450 913 612 977 placidumque
623 913 707 976 petivit
741 915 789 962 405

121 969 236 1036 conjugis
245 975 336 1025 infusus
346 977 433 1041 gremio
444 993 487 1040 per
497 978 601 1025 membre
611 993 724 1041 soporem.

155 1037 224 1094 Inde,
235 1041 277 1088 ubi
287 1042 362 1104 prima
373 1043 437 1105 quies
448 1043 525 1090 medio
532 1043 583 1106 jum
593 1043 667 1090 noctis
678 1043 766 1090 obactae

122 1099 246 1152 Curriculo
253 1107 374 1169 expulerat
380 1122 497 1168 somnum;
509 1123 581 1170 quum
588 1107 675 1156 semina
682 1109 789 1172 primum,

122 1164 170 1214 Cui
180 1168 279 1217 tolerare
289 1171 340 1218 colo
350 1171 421 1218 vitam
431 1172 542 1234 tenuique
553 1171 663 1220 Minervb

122 1229 263 1294 Inpositam,
274 1234 376 1282 cinerem
387 1244 410 1284 et
421 1236 507 1299 sopitos
517 1236 612 1283 suscitet
622 1235 694 1299 ignes,
741 1240 790 1284 410

123 1295 226 1343 Noctem
237 1299 326 1346 nddens
334 1300 399 1362 operi
403 1318 410 1360 ;
427 1301 571 1364 tumulusque
582 1301 612 1347 od
624 1301 711 1348 lumine
721 1300 790 1364 longo

123 1359 226 1408 Exercet
237 1378 316 1425 pensu,
327 1371 415 1412 castum
427 1374 453 1412 ut
463 1380 555 1413 servare
565 1364 642 1413 cubile

124 1424 245 1490 Conjugis,
256 1434 279 1474 et
291 1429 361 1492 possit
371 1445 455 1493 parvos
465 1431 565 1478 educere
575 1438 655 1478 ustos:

123 1490 197 1538 Haud
207 1507 273 1541 secus
283 1493 416 1558 ignipotens
425 1511 470 1543 nec
480 1502 585 1559 tempore
595 1494 687 1560 segnior
697 1494 736 1544 illo

123 1554 237 1604 Mollibus
247 1574 261 1605 e
272 1559 349 1606 stratis
359 1575 431 1624 opero
441 1561 472 1608 ed
483 1561 576 1608 fabrilia
586 1562 665 1626 surgit.
740 1562 790 1611 415

123 1617 206 1668 Insula
216 1623 334 1672 Sicanium
341 1624 412 1689 juxte
422 1625 481 1673 letus
491 1625 636 1690 AEolinmque

124 1683 229 1748 Erigitur
240 1688 349 1752 Liparen,
360 1691 503 1739 sumentibus
514 1693 588 1740 ardna
598 1691 674 1750 sexis3

124 1749 201 1806 Quam
212 1752 292 1801 subter
302 1770 385 1817 specus
396 1763 420 1802 et
430 1755 451 1803 C
469 1755 562 1817 clopum
572 1769 642 1801 exesa
652 1753 748 1802 cuminis

123 1811 202 1862 Antra
211 1815 303 1865 AEtnaen
313 1827 403 1872 tonant,
413 1819 531 1881 vnlrdique
541 1817 666 1864 incudibus
675 1817 735 1864 ictus

124 1876 209 1926 Auditi
219 1882 324 1929 referunt
333 1883 452 1946 gemitum,
464 1883 610 1942 striduntque
621 1881 727 1928 cavernis
742 1883 791 1930 420

125 1940 244 1990 Strictnrae
255 1945 397 2009 Chalybum,
408 1953 432 1992 et
443 1945 575 1993 fornacibus
587 1944 646 2007 ignis
657 1946 765 2007 euhelnt5

124 2005 225 2054 Volcani
235 2009 325 2063 domus,
336 2017 359 2056 et
369 2009 484 2057 Volcania
494 2010 588 2056 nomine
598 2010 672 2058 tellus.

125 2069 181 2118 Huc
191 2079 248 2119 tuuc
258 2073 390 2135 ignipotens
401 2071 458 2120 coelo
468 2074 589 2122 descendit
599 2075 630 2121 ob
640 2075 694 2124 alto.

126 2133 223 2184 Ferrum
233 2137 374 2184 exercebunt
383 2145 449 2184 vasto
459 2137 575 2202 Cyclopes
584 2137 609 2186 in
620 2149 695 2196 antro,

124 2199 279 2264 Brontesque,
298 2200 459 2266 Steropesque,
479 2209 504 2250 et
522 2203 599 2251 nudus
617 2206 721 2253 membra
741 2203 790 2316 Pyg
846 2257 852 2270 ,Ι

219 2281 321 2314 racmon.
743 2273 773 2317 42

125 2330 169 2380 His
179 2329 329 2380 informatum
340 2330 447 2379 manibus
453 2331 505 2396 jem
515 2340 581 2396 porte
592 2332 663 2396 politi

124 2395 223 2444 linimen
233 2406 284 2445 erut
290 2415 297 2458 ς
314 2404 363 2444 toto
373 2397 463 2462 genitor
473 2413 525 2461 qure
536 2398 636 2462 plurima
646 2395 704 2444 coslo

124 2459 214 2524 Dejicit
224 2462 249 2508 in
260 2472 345 2525 terrus3
361 2478 415 2526 pars
425 2463 555 2526 inperfecta
566 2461 682 2510 manebat.

124 2523 181 2572 Tres
192 2525 271 2575 imbris
280 2528 335 2576 torti
346 2529 430 2584 rodios,
441 2537 489 2576 tres
498 2528 567 2575 nubis
578 2539 670 2589 aquosus
691 2568 696 2585 s

125 2587 280 2647 Addiderunt,
290 2592 354 2640 rutili
364 2601 411 2641 tres
421 2593 482 2657 ignis
492 2601 516 2640 et
526 2591 586 2639 nius
597 2588 676 2637 austri.
740 2591 788 2637 4³0

123 2652 234 2718 fulgores
244 2671 307 2706 nunc
316 2657 443 2716 horrificos,
454 2655 756 2721 sonitumque,metu1nque,
