1882 2924
224 418 264 482 P.
286 413 485 488 VIRGILII
507 417 725 486 MARONIS

363 573 585 640 AEunmos
663 595 665 600 ·

308 729 435 780 LIBER
456 729 647 782 DECIMUS.
723 718 728 730 ⁷

141 1012 288 1063 Puunrruu
299 1011 389 1058 interes
398 1009 481 1056 domus
492 1009 660 1076 omnipotentis
668 1009 775 1075 Olympi,

141 1076 319 1138 conciliumque
325 1082 393 1122 vocat
399 1073 486 1123 Divum
493 1081 562 1138 pater
571 1084 641 1139 atque
649 1075 817 1126 hominumrex

142 1139 263 1188 sideream
273 1141 299 1190 in
310 1141 402 1199 sedem3
417 1147 489 1186 terres
500 1140 566 1188 unde
578 1141 664 1189 arduus
674 1154 762 1196 omnes,

143 1205 272 1282 Castraque
289 1205 453 1254 Dardanidum
467 1205 599 1284 suspectat,
615 1203 759 1269 populosque
770 1205 816 1253 Le·

145 1279 357 1386 Comidilritoiectis
367 1302 534 1397 bipatentibus.
570 1333 659 1408 Incipit
669 1332 733 1396 ipse:
801 1337 818 1383 5

178 1400 296 1450 Coelicolae
308 1398 393 1462 magni,
403 1398 459 1460 quia
468 1413 524 1445 uam
534 1408 652 1446 sententis
662 1397 728 1445 vobis

144 1466 222 1515 Versa
232 1473 303 1517 retro,
313 1471 451 1536 tantumque
460 1460 545 1509 animis
555 1462 649 1510 certatis
658 1462 758 1524 iniquis?

145 1528 284 1578 Abnueram
293 1526 355 1574 bello
366 1525 460 1572 ltaliam
469 1541 610 1574 concurrere
620 1525 722 1574 Teucris.

145 1594 207 1650 Quae
218 1599 300 1639 contra
310 1589 407 1636 vetitum
418 1588 548 1636 ducordin?
564 1590 616 1651 quis
627 1599 701 1637 metus
711 1601 753 1639 ant
761 1593 803 1640 hos

145 1655 197 1706 Aut
208 1657 250 1704 hus
261 1670 325 1702 erma
335 1651 407 1717 sequi,
418 1651 552 1715 ferrumque
563 1653 675 1700 lacessere
685 1655 770 1703 suasit?
788 1659 820 1704 10

147 1720 268 1771 Adveniet
276 1720 366 1784 justum
376 1730 470 1781 pugne,
480 1731 512 1764 ne
522 1717 637 1771 arcessite,
648 1725 750 1782 ternpus.

148 1787 211 1837 Cum
222 1786 272 1834 lere
282 1783 400 1846 Carthago
411 1779 525 1830 Romanis
534 1781 626 1829 arcibus
636 1779 692 1828 olim

148 1851 256 1900 Exitium
268 1864 378 1913 magnum
389 1854 458 1910 etque
469 1844 543 1910 Alpes
552 1844 654 1894 inmittet
665 1854 771 1909 apertus:

147 1917 209 1964 'l'um
220 1921 311 1964 certare
322 1911 389 1967 odiis,
399 1919 448 1959 tum
458 1925 496 1960 res
507 1910 610 1974 rapuisse
620 1909 707 1958 licebit.

149 1981 224 2030 Nunc
235 1979 312 2033 sinite,
323 1986 347 2025 et
358 1975 470 2040 placitum
481 1975 529 2026 laeti
539 1975 664 2040 conponite
674 1976 759 2025 loedus.
791 1981 822 2026 1⁵

181 2044 197 2093 J
199 2042 293 2106 uppiter
304 2043 355 2089 haec
366 2039 458 2104 peucis;
475 2049 500 2090 et
511 2056 559 2090 non
569 2041 652 2090 Venus
661 2056 734 2090 sures
741 2050 823 2090 contre

150 2107 232 2156 Pauca
242 2107 322 2153 refert.

152 2172 175 2221 0
187 2169 266 2225 Pater,
277 2185 292 2216 ο
303 2169 424 2218 homiuum
435 2169 570 2235 vivumque
580 2177 669 2218 eterna
678 2170 790 2232 potesta!

151 2237 275 2302 (Namque
291 2233 355 2360 uli)ud
368 2234 425 2296 quid
438 2233 476 2288 sit,
492 2235 557 2298 quod
563 2235 615 2300 jam
625 2234 743 2297 inplorare
753 2250 824 2298 queu-

249 2314 309 2347 mus.

153 2364 238 2416 Cernis
249 2371 275 2412 ut
285 2362 397 2410 insultent
408 2360 501 2417 Rutuli,
512 2363 651 2424 Turnusque
662 2362 751 2410 leretur
792 2368 825 2415 20

152 2431 200 2478 Per
212 2429 300 2477 medius
310 2425 407 2490 insignis
417 2425 490 2487 equis,
502 2428 652 2488 tumidusque
662 2427 766 2474 secundo
807 2469 814 2476 „

152 2493 234 2542 Marte
242 2493 307 2542 runt?
320 2493 377 2541 Non
385 2491 462 2538 clausa
470 2496 554 2552 tegunt
558 2491 609 2556 jam
618 2489 704 2536 moeuie
710 2490 826 2554 'Peneion

152 2559 218 2616 Quin
229 2559 292 2606 intra
302 2565 380 2622 portes
391 2563 460 2618 atque
470 2553 529 2616 ipsis
540 2553 620 2619 proelia
631 2553 730 2602 miscent

151 2621 286 2686 Aggeribus
296 2637 423 2678 murorum,
434 2625 458 2668 et
468 2617 588 2694 inundent
598 2618 712 2682 sanguine
724 2621 798 2670 fosse.
865 2645 869 2662 ι
937 2681 938 2688 ¹
