1882 2924
328 145 490 201 AENEIDOS
505 149 563 200 Lru.
575 151 606 202 X.
751 155 800 204 295

135 267 411 336 AEneesignerosnbest.
444 271 611 336 Numquamne
621 271 694 320 levari
771 275 806 326 25

138 336 268 386 Obsidione
278 338 352 386 sines?
369 336 447 384 Muris
456 336 541 384 iterum
552 336 650 385 inminet
661 337 732 386 hostis

136 399 263 450 Nascentis
272 402 363 466 Trojer;
378 416 423 450 neo
434 416 482 448 non
492 401 608 450 exercitus
618 402 685 457 niter,

138 464 218 530 Atque
228 467 313 515 iterum
323 465 349 513 in
358 465 461 514 Teucros
471 463 553 513 AEtolis
563 465 636 526 surgit
646 467 677 514 ab
688 465 759 530 Arpis

138 530 249 595 Tydides.
283 529 407 593 Equidem,
418 531 496 584 oredo,
507 545 559 578 meu
568 531 665 579 volnera
674 538 775 590 restaut3

139 594 180 650 Et,
191 605 232 643 tus
244 595 373 659 progenies,
384 595 490 642 mortalia
500 595 608 642 demoror
619 596 694 644 mma!
776 595 809 644 30

139 657 165 706 Si
175 660 226 707 sine
237 673 296 722 paee
303 657 352 713 tub,
360 667 430 722 etque
440 659 515 706 invito
525 659 629 714 numine,
639 661 712 709 Trois

140 722 236 770 Italiam
246 723 342 786 petiere,
353 723 419 770 luant
428 731 537 787 peccem
552 738 629 788 neque
639 723 691 772 illos

140 787 157 835 J
159 787 235 835 ureris
246 787 339 835 auxilio.
372 787 414 838 Sin
424 795 460 836 tot
469 803 580 852 response
590 789 671 843 secuti,

142 851 203 908 Ques
208 850 292 916 Superi
297 853 428 917 Manesque
433 851 811 916 dobsutournunctueqnisquaru

141 915 243 965 Vertere
246 917 313 982 jussu
323 924 408 981 potest,
418 926 459 964 sut
469 931 512 966 our
519 932 581 964 nuvs
589 917 690 964 condere
698 916 762 963 t'uta?
778 919 811 966 35

142 980 207 1037 Quid
218 989 322 1046 repetem
332 989 425 1029 exustus
435 981 539 1046 Erycino
547 981 572 1029 in
583 981 650 1028 litore
661 981 757 1029 classes?

140 1044 208 1102 Quid
218 1053 381 1110 tempestatum
391 1060 478 1109 regem,
490 1053 617 1110 ventosque
627 1046 731 1106 furentes

142 1107 217 1157 AEotie
227 1111 323 1164 excitos,
333 1119 375 1157 eut
385 1117 461 1158 aotam
471 1110 573 1157 nubibus
584 1109 657 1158 Irim?

142 1173 168 1220 N
170 1188 217 1221 unc
227 1174 298 1222 etium
310 1175 396 1222 Manes
407 1175 471 1237 (beo
481 1175 597 1221 intentata
608 1174 717 1221 manebat

143 1235 198 1284 Sors
208 1237 299 1299 rerum)
311 1245 395 1292 movet,
406 1246 430 1285 et
440 1238 530 1301 superis
540 1238 634 1286 inmissa
644 1248 741 1301 repente
779 1242 811 1288 tn

143 1299 235 1356 Alecto,
251 1302 340 1350 medius
350 1301 436 1350 Italum
447 1302 561 1350 bacchate
572 1317 614 1366 per
625 1303 700 1349 urbes.

143 1364 188 1413 Nil
200 1381 271 1430 super
282 1366 381 1430 imperio
391 1381 496 1414 moveorz
513 1366 657 1430 speravimus
666 1366 718 1421 iste,

144 1427 211 1480 Dum
222 1431 316 1479 fortune
325 1431 382 1480 suit:
400 1431 503 1487 vineunt,
512 1445 570 1495 quos
579 1431 674 1479 vincere
686 1432 765 1484 mavis.

145 1492 171 1542 si
181 1494 246 1542 nulls
255 1504 291 1544 est
300 1496 373 1559 regio,
381 1495 479 1544 Teucris
489 1511 559 1560 quem
568 1496 609 1544 det
620 1504 661 1544 tua
671 1497 775 1562 conjunx

145 1559 227 1618 Dura3
243 1576 286 1624 per
295 1575 390 1615 everte,
401 1559 499 1624 genitor,
510 1561 626 1609 sumentia
635 1560 712 1626 ijae
782 1563 814 1612 45

146 1623 247 1673 Excidio.
256 1626 371 1686 obtestor;
386 1625 456 1674 liceat
466 1625 582 1674 dimittere
593 1626 623 1674 eb
634 1626 704 1673 ermis

145 1687 292 1739 Inuoluruem
303 1689 439 1746 Ascanium,
450 1690 518 1738 liceat
529 1705 649 1753 superesse
659 1698 776 1753 nepotem.

145 1753 236 1804 AEnens
246 1769 302 1803 sune
311 1755 397 1819 ignotis
405 1755 508 1819 jactetur
518 1754 544 1800 in
555 1752 636 1813 undis3

145 1817 187 1873 Et,
195 1835 366 1883 quemcumque
375 1820 438 1880 rium
448 1818 542 1866 dederit
551 1817 654 1870 fortuna,
663 1825 785 1880 sequntur:

147 1881 221 1932 Hunc
231 1891 318 1946 tegere,
329 1891 354 1931 et
364 1883 422 1930 dirae
432 1881 522 1929 valeam
533 1881 664 1928 subducere
674 1895 767 1944 pugnat.
784 1883 817 1930 50

148 1944 192 1994 Est
200 1948 324 2002 Amathus,
334 1954 370 1994 est
377 1947 439 1995 eelse
446 1945 503 1992 mihi
511 1945 616 2008 Paphus,
626 1952 696 2009 etque
704 1945 817 2010 Cythera,

148 2008 280 2072 Idaliaeque
289 2012 386 2058 domus:
403 2010 483 2074 positis
493 2008 606 2084 inglorius
616 2010 686 2056 ermis

149 2072 237 2136 Exiget
245 2075 284 2123 bio
294 2090 377 2122 evium.
410 2074 500 2137 Msgnb
509 2073 598 2122 drtione
606 2073 689 2138 jubeto

149 2137 268 2202 Carthago
296 2145 370 2187 rerunt
380 2136 521 2186 Ausonium:
538 2138 598 2186 nihii
607 2139 703 2186 urbibus
714 2138 770 2187 inde

149 2201 260 2251 Obstubit
290 2203 354 2268 yriis.
388 2203 452 2261 Quid
463 2211 553 2268 pestem
562 2205 662 2252 evadere
672 2203 728 2251 beili
786 2204 819 2252 55
876 2219 882 2224 ’

148 2268 164 2316 J
166 2268 223 2323 usit,
239 2277 264 2316 et
274 2268 396 2332 Argolicos
405 2268 507 2316 medium
518 2268 605 2332 fugisse
615 2283 658 2331 per
668 2267 741 2331 ignes,

148 2332 240 2397 Totque
251 2333 321 2381 meris
331 2342 449 2398 vesterque
458 2333 572 2382 exhausta
612 2332 686 2380 riuulo
695 2340 772 2386 terrie,

150 2397 216 2446 Dum
225 2399 319 2448 Latium
325 2398 411 2447 Teucri
418 2398 567 2463 recidivaque
597 2411 691 2460 ergame
697 2395 819 2460 querunt?

151 2461 209 2510 Nou
219 2464 298 2520 setius,
308 2464 399 2514 cineres
409 2464 491 2527 patrie
500 2462 612 2512 insedisse
622 2475 749 2524 supremos,

150 2525 231 2588 Atque
238 2530 319 2585 solum,
333 2545 380 2594 quo
389 2529 461 2604 Troju
471 2529 530 2576 fuit?
541 2526 664 2576 Xanthum
670 2533 695 2572 et
702 2522 821 2574 simoenta

150 2589 246 2647 Redde,
255 2607 305 2650 oro,
315 2594 417 2654 miserim
431 2601 562 2658 iterumque
572 2590 691 2639 revolvere
701 2604 767 2638 cesus
788 2593 818 2644 61

150 2653 199 2712 De
210 2665 285 2721 pstor,
294 2658 381 2710 luscos
389 2658 492 2709 Teucris.
524 2657 586 2708 Tum
596 2655 664 2720 regin
670 2655 686 2707 J
688 2669 734 2705 uuo
