1878 2930
125 115 159 160 44
303 105 509 160 Gnonnlcon
526 105 583 156 Lus.
595 105 619 156 1.·

126 231 244 285 Eiectum
255 232 286 280 ed
297 247 408 286 mensem,
420 229 500 296 pluvii
510 230 633 295 ventisque
643 232 773 290 cerebunt;

125 297 235 361 Votoque
246 296 331 344 servati
341 295 467 344 solventin
478 295 545 344 litore
555 305 633 346 nautm
750 299 800 346 436

126 360 218 410 Glauco
229 370 253 408 et
264 361 383 425 Panopeae
394 369 419 409 et
429 361 489 408 Inoo
500 361 639 411 Melicerte.

158 425 198 475 Sol
216 441 309 491 quoqne
328 435 352 474 et
370 425 486 482 exoriens,
503 433 528 474 et
544 442 616 490 quum
631 441 656 474 se
672 425 759 473 condet
773 423 801 473 in

222 492 306 547 unum,

126 553 198 619 Signo
209 556 290 616 dabit5
305 553 514 604 solem'cortissims
523 555 590 620 signe
599 561 736 620 sequuntur,

127 619 160 668 Et
169 636 222 684 qnae
233 635 303 668 mene
312 621 393 678 refert,
403 629 428 670 et
456 638 489 670 um
501 621 650 684 surgentibus
660 619 735 668 asnis
751 622 801 668 440

126 684 171 733 Ille
182 684 224 732 ubi
233 694 368 734 nascentem
378 637 476 735 mnesiiis
484 686 609 734 variaverit
619 693 706 741 ortum,

126 749 243 799 Conditus
252 750 278 799 in
289 751 385 808 nubem,
396 751 518 816 medioque
528 751 642 816 refugerit
652 751 717 806 orbe,

127 812 235 878 Suspecti
246 815 291 864 tibi
300 816 347 866 sint
357 816 456 878 imbres3
471 830 574 880 nemque
584 824 669 880 urguet
680 815 710 863 sb
721 813 767 861 olto

125 877 302 948 Arboribusque
312 882 414 947 setisque
424 882 502 930 Notus
513 881 639 947 pecorique
650 880 749 929 sinister.

125 943 176 991 Ant
186 945 228 993 ubi
238 947 281 996 sub
292 947 369 996 lucem
379 947 452 994 densa
462 947 525 996 inter
535 947 618 996 nubile
627 962 678 995 sese
749 946 800 994 445

126 1007 222 1058 Diversi
231 1021 342 1076 rumpent
351 1011 419 1066 redii,
429 1020 470 1059 ent
480 1011 521 1058 ubi
532 1012 620 1075 pallida
629 1017 709 1076 surget

124 1073 222 1123 Tithoni
231 1092 339 1126 croceum
349 1077 457 1140 linquens
467 1076 562 1125 Aurora
572 1077 664 1139 cubile;

125 1139 189 1196 Heu,
199 1142 261 1199 mule
271 1149 322 1192 tum
332 1142 395 1190 mitis
405 1142 518 1190 defendet
529 1142 654 1208 pampinus
663 1155 735 1188 ures:

125 1203 184 1252 Tem
195 1207 269 1256 muita
276 1207 305 1256 in
315 1207 383 1256 tectis
393 1207 511 1271 crepitans
521 1207 574 1256 sulit
584 1207 680 1256 horride
690 1204 789 1270 grando.

124 1267 179 1318 Hoc
187 1270 266 1328 etiem,
274 1289 369 1322 emenso
375 1288 448 1337 quum
452 1273 612 1348 jamdecedet
619 1272 732 1336 olympo,
750 1271 800 1320 450

125 1333 247 1385 Profuerit
256 1338 388 1386 meminisse
398 1353 485 1400 mogus
500 1353 557 1385 num
567 1353 630 1401 sepe
639 1336 746 1384 videmus

125 1398 204 1462 Ipsius
215 1400 240 1448 in
251 1402 317 1449 voltu
327 1403 404 1449 varios
414 1415 492 1448 errore
502 1402 606 1460 oolores3

125 1463 246 1512 Caeruleus
256 1465 360 1527 pluviam
370 1464 503 1518 denuntiet,
512 1464 595 1526 ignens
606 1463 691 1510 Euros.

124 1527 167 1576 Sin
177 1527 275 1576 muciilae
284 1528 400 1590 incipient
409 1526 480 1572 rutilo
491 1527 634 1576 inmiscerier
644 1525 703 1589 igni,

124 1592 213 1641 Omnia
222 1598 280 1639 tunc
290 1591 377 1655 pariter
387 1598 459 1637 vento
469 1589 600 1656 nimbisque
610 1591 702 1640 videbis
750 1593 800 1642 455

125 1655 240 1704 Ferrerer
256 1670 304 1704 non
314 1655 356 1702 illi
365 1653 489 1719 quisquam
499 1671 537 1704 me
547 1664 618 1706 nocte
628 1671 672 1720 per
682 1655 756 1704 situm
766 1689 770 1698 ,
790 1651 793 1658 ¹

124 1720 174 1776 Ire,
184 1734 261 1784 neque
272 1737 288 1768 e
297 1720 360 1768 terri
370 1727 465 1768 moneat
474 1721 606 1772 convellere
616 1723 706 1770 funem.
761 1759 780 1802 ο

124 1785 160 1834 At
169 1785 197 1842 si,
206 1801 280 1850 quum
290 1785 505 1850 referetqnediem,
516 1788 649 1852 condetque
657 1786 767 1842 relatum,

124 1849 229 1899 Lucidus
239 1851 303 1898 orbis
312 1851 365 1907 erit,
375 1851 461 1898 frustra
472 1852 591 1902 terrebere
600 1851 693 1908 nimbis,

61 1967 68 1980 ,
125 1915 158 1963 Et
168 1916 231 1964 clero
242 1915 311 1964 silves
321 1931 403 1965 cernes
413 1915 523 1978 equiione
533 1917 629 1966 moveri.
743 1877 800 1965 050

125 1980 243 2044 Denique,
253 1982 311 2045 quid
322 1996 406 2046 vesper
417 1995 481 2029 serus
492 1983 571 2040 vehet,
583 1984 647 2030 nude
657 1994 751 2029 serem

127 2045 220 2094 Ventus
230 2053 285 2110 aget
295 2047 378 2103 nubes,
386 2045 444 2111 qnid
455 2046 541 2111 cogitet
552 2047 662 2096 humidus
672 2045 769 2102 Auster,

125 2109 164 2157 Sui
175 2110 219 2160 tibi
230 2111 296 2174 signs
306 2113 386 2160 debit:
403 2110 481 2161 Solem
491 2112 543 2176 quis
553 2113 632 2161 dicere
643 2110 727 2160 fnisnm
764 2125 766 2132 ·

124 2173 237 2223 Audeat?
253 2176 294 2224 iile
305 2178 376 2226 etiam
387 2191 460 2225 caecos
470 2177 559 2226 instere
569 2177 682 2226 tumultus

124 2239 193 2305 Saepe
202 2249 290 2297 monet,
298 2243 452 2306 fraudemque
462 2249 487 2289 et
497 2250 581 2306 operte
590 2251 719 2291 tumescere
729 2237 800 2288 belis.

124 2304 169 2354 Ille
180 2305 250 2354 etium
260 2309 375 2358 exstincto
385 2307 507 2354 miseratus
517 2307 611 2357 Cressre
621 2307 731 2360 nomam,
750 2308 800 2356 466

125 2370 206 2428 Quum
215 2380 288 2436 capnt
298 2371 398 2424 obscuri
409 2370 511 2420 nitidum
520 2371 641 2436 ferrugine
650 2369 718 2424 texit,
748 2409 750 2416 .

125 2435 243 2500 Inpisque
253 2446 366 2489 eternam
375 2437 504 2486 timuerunt
515 2437 602 2485 secula
610 2444 718 2486 noctem:

124 2499 240 2566 Tempore
254 2519 396 2573 quamquam
411 2500 451 2550 illo
466 2501 535 2552 tellus
549 2517 651 2570 quoqne,
666 2507 691 2552 et
705 2511 802 2566 equore

221 2569 297 2631 pons.
