1888 2924
145 147 194 194 256
320 143 480 197 AENEIDOS
497 145 552 196 Las.
564 145 640 196 VIII.

143 261 245 322 Avertit,
256 267 353 317 totidem
364 269 438 317 found
449 277 572 334 superante
578 269 699 334 juvencas.

144 326 225 394 Atque
236 332 286 388 hos,
296 348 327 381 ue
338 349 384 396 qua
394 336 471 382 forent
482 335 581 398 pedibus
591 335 688 399 vestigia
698 333 777 389 r'ectis,

145 392 230 444 Caudb
240 397 265 444 in
276 399 411 461 speluncam
421 407 514 453 tractos,
525 400 642 464 versisque
652 400 742 447 viarum
762 403 814 448 210

143 456 243 508 Iudiciis
252 470 338 525 raptos,
349 480 404 511 saxo
414 465 545 512 occultabat
555 481 636 528 opaco.

145 522 266 580 Quaerenti
277 527 342 574 nulla
353 531 382 575 ad
394 529 528 594 speluncam
539 529 605 592 signa
615 529 728 578 ferebant.

144 587 247 646 Interea,
258 607 329 655 quum
338 593 389 658 jam
400 595 495 642 stabulis
506 603 608 642 saturata
618 602 721 642 moveret

143 651 370 720 Amphitryoniades
380 668 491 714 amenta,
503 659 636 723 abitumque
647 665 748 726 pararet,

143 716 255 769 Discessu
266 723 356 786 mugire
367 725 446 778 boves,
456 735 526 787 atque
536 739 605 772 omne
613 724 714 788 querelis
761 724 810 772 215
862 713 866 720 ⁴

142 781 234 846 Inpleri
245 797 334 843 nemus,
345 798 369 836 et
380 789 449 836 colles
459 789 559 836 clamore
570 788 676 854 relinqui.

142 846 259 898 Reddidit
268 868 317 899 uua
327 854 397 900 ὒουω
407 868 495 909 vocem,
505 862 615 916 vastoque
626 855 669 902 sub
680 861 747 901 antro

142 911 239 978 Mugiit,
250 923 274 964 et
285 917 343 965 Caci
353 933 417 980 spem
428 918 543 966 custodita
552 917 644 966 fet'ellit.

141 976 189 1026 Hic
199 996 256 1028 veo
265 981 355 1030 Alcidae
366 983 432 1029 furiis
441 990 558 1030 exarserat
568 989 619 1030 atro
762 981 811 1028 219

141 1042 206 1091 Felle
216 1045 295 1093 dolor:
312 1047 374 1112 rapit
385 1062 448 1094 arma
459 1063 530 1096 mauu
540 1047 654 1111 nodisque
665 1053 785 1111 granum

140 1105 238 1170 Robur;
254 1115 278 1157 et
288 1111 457 1162 atheniense
467 1113 527 1176 petit
537 1113 611 1160 ardua
621 1113 713 1160 montis.

139 1171 200 1220 Tum
211 1173 312 1236 primum
321 1177 394 1224 nostri
404 1177 494 1226 Cacum
503 1176 583 1226 ridere
593 1178 714 1226 timentem

139 1235 314 1304 Turbatumque
324 1242 404 1290 oculis.
431 1242 500 1308 Fugit
509 1243 573 1290 ilicet
582 1243 646 1291 ocior
656 1243 729 1297 Euro,

140 1301 327 1370 Speluncamque
338 1307 397 1372 petit
403 1324 411 1368 3
427 1308 526 1370 pedibus
536 1308 605 1356 timor
615 1307 707 1355 addidit
715 1304 770 1354 alas·

141 1367 176 1415 Ut
186 1383 236 1418 sese
246 1370 347 1428 inclusit,
358 1373 478 1434 ruptisque
488 1373 582 1420 inmane
593 1373 682 1420 catenis
760 1365 809 1419 225

137 1431 237 1496 Dejecit
244 1451 333 1490 saxum,
345 1437 406 1483 ferro
417 1438 480 1498 quod
490 1446 514 1484 et
524 1444 573 1483 arte
583 1437 682 1500 paternb

139 1495 271 1551 Pendebat‚
282 1499 397 1562 fultosque
407 1501 505 1547 emuniit
516 1500 592 1563 objice
603 1509 694 1564 postes3

139 1558 203 1606 Ecce
214 1561 294 1608 furens
305 1562 387 1608 animis
398 1563 479 1609 aderat
489 1562 638 1626 Tirynthins3
654 1577 792 1625 omnemque

138 1621 268 1672 Adcessum
278 1623 377 1671 lustrans
388 1624 434 1671 huc
445 1626 587 1674 oraferebat
597 1634 621 1674 et
630 1625 695 1682 illuc,

138 1687 257 1737 Dentibus
267 1688 409 1737 infrendens.
435 1688 482 1737 Ter
492 1697 567 1737 totum
578 1691 681 1739 fervidus
691 1689 726 1738 ira
759 1693 809 1740 230

138 1753 234 1802 Lustrat
244 1752 358 1804 Aventini
367 1761 483 1815 montem
498 1761 535 1802 ter
545 1769 615 1803 saxea
624 1763 700 1804 tentat

138 1819 233 1868 Limina
243 1819 399 1885 nequidquam
408 1837 414 1878 ;
430 1829 466 1866 ter
476 1820 550 1867 lessus
559 1820 620 1868 valle
631 1821 724 1882 resedit.

137 1883 220 1933 Stabat
231 1895 300 1933 acuta
310 1885 374 1940 silex,
385 1883 486 1948 praecisis
495 1884 599 1948 undique
610 1886 678 1941 saris,

138 1947 261 2011 Speluncae
273 1952 341 1998 dorso
352 1950 480 2012 insurgens,
491 1949 601 1997 altissima
610 1951 660 1998 visu
666 1969 674 2012 ;

137 2013 249 2062 Dirarum
261 2014 322 2061 nidis
332 2016 414 2060 domus
424 2024 557 2078 opportuna
566 2015 694 2064 volucrum.
758 2016 806 2066 285

137 2077 216 2132 Hanc,
227 2085 254 2123 ut
264 2093 339 2140 prona
345 2079 405 2142 jugo
416 2078 499 2127 laevurn
509 2079 659 2128 incumbebat
668 2081 698 2128 ad
707 2095 808 2134 amnem,

58 2153 63 2170 ⁸
136 2142 228 2190 Dexter
239 2141 263 2190 in
272 2143 395 2190 adversum
405 2143 482 2191 nitens
492 2145 614 2201 concussit,
625 2153 650 2193 et
659 2145 711 2193 imis

136 2207 247 2255 Avolsaru
258 2206 325 2254 solvit
335 2206 467 2269 radicibus;
482 2209 539 2257 iude
549 2219 647 2273 repente

137 2272 241 2337 Inpulit;
256 2270 350 2333 inpulsu
360 2287 407 2335 quo
418 2289 540 2320 rueramus
551 2274 642 2321 insonat
653 2273 740 2332 athen

136 2338 269 2386 Dissultsnt
279 2337 344 2400 ripae,
356 2335 478 2398 refluitque
489 2339 613 2386 exterritus
624 2337 704 2385 aronis.
756 2337 805 2384 atu

136 2406 170 2453 At
180 2417 262 2468 specus
272 2409 296 2450 et
307 2401 364 2450 Caci
374 2401 467 2448 detecta
477 2403 585 2464 adparuit
594 2403 677 2464 ingens

135 2469 220 2530 Regia,
232 2476 256 2516 et
266 2467 378 2515 umbrosae
390 2464 483 2529 penitus
495 2475 591 2528 patuere
601 2480 723 2523 caveram
781 2497 783 2503 ι

135 2532 193 2580 Non
204 2549 277 2589 secus,
288 2548 316 2580 ac
327 2533 346 2579 si
355 2531 401 2595 qub
412 2529 504 2593 penitus
515 2530 538 2576 vi
549 2539 612 2578 terre
622 2530 744 2580 dehiscens

135 2595 246 2644 Infernas
256 2606 342 2646 reseret
352 2598 425 2649 sedes,
436 2599 459 2642 et
471 2609 543 2656 regna
553 2594 658 2643 recludat
755 2597 804 2644 244

134 2659 234 2717 Pallida,
245 2661 292 2710 Dls
303 2661 377 2710 invisa
383 2679 391 2724 5
406 2673 521 2731 superque
531 2660 626 2712 unane
636 2660 772 2711 batumum
