1888 2924
315 105 477 160 AENEIDOS
493 106 550 158 Lrs.
562 107 608 160 lx.
748 115 798 164 8¹19

123 230 268 284 Dissimilem
279 230 396 296 urguerit3
410 237 514 280 tentum:
531 233 633 287 fortuna,
643 235 748 284 secunde

123 298 176 346 Aut
185 298 291 353 adversa,
302 297 378 346 cedat.
412 296 459 346 Sed
470 305 493 344 te
504 297 663 361 superomnia
674 299 738 348 done

122 363 205 412 Unum
216 377 268 426 oro:
285 360 390 425 genetrix
401 361 531 410 Priamide
541 369 611 424 gente
623 361 716 412 vetusti

123 427 169 476 Est
178 427 244 482 mihi,
253 442 324 490 quern
334 425 441 474 miseram
451 426 528 474 tenuit
537 442 586 474 non
597 426 644 476 Ilia
653 427 723 478 tellus
747 433 796 481 285

122 491 221 540 Mecum
229 493 390 546 excedentem,
400 507 451 552 non⁴
458 492 546 540 moenie
552 491 613 555 regis
623 491 723 542 Aceste.

123 557 195 608 Hunc
206 573 250 619 ego
261 571 324 604 nunc
335 556 440 619 ignaram
455 556 526 620 hujus
540 557 704 622 quodcumque
715 558 797 623 pericli

220 629 256 668 est

107 739 108 742 Ἴ
123 684 202 749 Inque
212 685 334 732 salutstam
344 684 423 746 linquo
429 701 437 745 ;
452 683 517 740 Nox,
527 691 552 733 et
562 691 603 734 tue
613 686 679 734 testie

123 750 239 805 Dextera,
264 749 327 812 quod
352 765 467 814 nequeam
492 749 599 802 lacrimas
625 752 730 816 perferre
754 769 797 818 pn·

220 815 299 862 tentis.
512 823 514 827 ·

123 875 159 926 At
169 886 204 934 ru,
214 893 262 935 oro,
273 877 347 926 solere
356 877 460 941 inopem,
471 886 495 926 et
506 893 615 926 succurre
623 877 718 930 relictae.
746 885 795 932 290

123 942 195 992 Hunc
206 943 256 992 sine
267 959 304 992 me
315 959 380 1007 spem
391 943 511 991 serrensi:
530 943 653 992 audentior
664 943 704 993 ibo

123 1007 156 1056 In
166 1023 232 1056 ossus
242 1023 330 1058 omnes.
362 1006 476 1062 Percussi
486 1015 565 1059 mente
576 1009 693 1059 dederunt

123 1072 268 1123 Dudmidae
278 1073 398 1132 lacrimem
414 1079 470 1120 ente
477 1087 558 1122 omnes
568 1073 666 1140 pulcher
677 1072 743 1122 Iulus
749 1092 757 1136 3

123 1136 204 1201 Atque
215 1139 319 1186 animum
329 1137 412 1202 petriae
423 1137 516 1186 strinxit
527 1137 620 1204 pietatis
631 1137 715 1202 imago.

122 1201 184 1258 Tum
194 1203 227 1251 sic
238 1204 334 1252 effatur:
491 1212 494 1254 ’.
746 1205 795 1255 295

94 1317 97 1324 ,
123 1265 234 1330 Spondeo
245 1269 318 1331 digna
327 1267 373 1316 tuis
383 1265 518 1329 ingentibus
528 1265 607 1336 qmnin
618 1265 712 1328 coeptis:

122 1331 235 1397 Namque
245 1333 290 1381 erit
299 1333 344 1380 ists
355 1330 413 1380 milri
423 1331 537 1393 genetrix,
549 1343 681 1393 nomenque
691 1329 786 1383 creusa

124 1394 205 1454 Solum
215 1399 325 1454 deluerit,
336 1411 380 1444 nec
390 1403 484 1458 partum
495 1395 571 1461 getis
580 1393 652 1443 telem

123 1459 203 1510 Perse
234 1469 321 1511 menet
358 1459 433 1510 Casus
464 1461 554 1508 fectum
587 1458 728 1526 quicumque
761 1476 797 1510 se-

161 1583 165 1591 ·
220 1535 335 1592 quuntur:
749 1530 797 1577 299

124 1587 173 1638 Per
183 1600 254 1654 ceput
264 1593 309 1639 hoo
317 1589 381 1655 juro,
392 1603 435 1653 per
445 1589 508 1654 quod
520 1587 587 1654 peter
598 1595 653 1638 ente
664 1590 764 1640 solebat:

124 1654 185 1712 Quae
196 1656 239 1703 tibi
250 1656 360 1720 polliceor
370 1653 461 1710 reduci,
469 1654 585 1718 rebusque
596 1655 713 1710 secundis,

125 1718 185 1768 Hae'c
192 1721 275 1770 eedem
285 1720 400 1782 matrique
410 1727 457 1766 tue
468 1719 595 1781 generique
606 1719 743 1768 manebunt.

125 1782 164 1832 Sic
176 1784 208 1832 nit
218 1784 381 1844 inlacrimans3
397 1785 495 1830 humero
504 1781 572 1830 simul
583 1781 648 1828 exuit
658 1795 739 1833 ensem

124 1846 249 1904 Auratum,
259 1849 317 1896 miri
326 1863 395 1913 quesn
406 1847 494 1894 fecerat
504 1852 554 1893 crte
564 1844 662 1906 Lycaon

126 1909 237 1966 Gnosius,
247 1920 317 1974 etque
327 1907 619 1972 hebilemveginbnptbret
629 1907 730 1971 eburnl3
748 1911 798 1962 305

126 1975 178 2030 Det
187 1975 212 2026 N
214 1977 248 2029 iso
259 1976 398 2025 Mnestheus
410 1973 495 2040 pellens
506 1971 668 2036 horrentisque
676 1973 750 2024 leonis

126 2039 246 2100 Exuvinsu
258 2041 349 2104 galeam
359 2041 420 2086 fidus
430 2044 547 2100 permutet
557 2037 652 2087 Aletes..

126 2104 242 2161 Protendo
253 2105 336 2154 unsri
346 2103 472 2163 incedunt;
487 2119 545 2167 qnos
554 2103 629 2152 omnis
639 2111 723 2154 euntes

126 2169 259 2230 Primorum
280 2185 363 2225 munus
380 2169 410 2230 nd
431 2175 510 2233 portes
524 2168 687 2234 juvenumque
705 2183 797 2218 senum-

239 2252 268 2284 ue

126 2299 282 2366 Prosequrtur
290 2299 363 2356 votis,
389 2298 442 2348 Nec
452 2313 501 2348 non
512 2305 537 2348 et
546 2297 645 2363 pulcher
655 2297 732 2352 Iulus,
748 2299 800 2354 310Ι

127 2364 190 2414 Ante
201 2383 275 2422 runos
283 2365 431 2429 animumque
441 2380 524 2430 gerens
534 2379 661 2428 curamque
670 2361 770 2416 virilem,

126 2427 207 2480 Mults
216 2431 278 2495 petri
288 2431 403 2496 pertunde
413 2430 485 2478 debu
492 2431 616 2479 mundate:
633 2428 674 2476 sed
686 2441 750 2475 eurae

128 2493 216 2543 Omnis
227 2497 370 2560 discerpunt,
381 2503 406 2546 et
415 2495 517 2545 nubibus
527 2493 598 2542 inrita
608 2493 705 2548 donent.

135 2558 251 2672 ’Βετοὶεἰ
276 2569 388 2626 superent
412 2560 493 2616 rosus.
525 2557 647 2620 noctisque
673 2570 716 2620 per
745 2569 798 2669 {qq

136 2663 139 2670 .
238 2642 287 2674 rem

125 2687 209 2741 cesos
218 2690 313 2746 ninius
321 2687 503 2756 petuntnutis
513 2685 745 2745 nmenmteruturi
