1888 2924
143 128 191 177 Μ
330 121 493 174 AENEIDOS
509 121 567 172 Lus.
579 121 633 173 lxs·

140 245 213 294 Nisus
224 245 284 293 ebit:
298 245 395 322 jamque
405 245 535 311 inprudens
546 250 651 294 evaserat
660 245 745 301 hostes,

139 310 219 374 Atque
230 311 293 359 loeus
299 329 307 370 ;
323 327 363 376 qur
375 318 427 374 post
437 309 505 358 Albe
517 312 549 358 de
559 309 652 358 nomine
663 309 720 356 dieti

138 374 239 436 Albuni;
255 385 305 423 tum
316 391 357 424 rex
367 375 516 424 stabula-altu
527 375 624 423 Latinus
634 373 743 421 bebebet.

139 441 173 490 Ut
181 441 250 494 stetit,
261 449 286 488 et
293 442 380 488 frustre
387 441 507 488 absentem
514 439 616 504 respexit
624 438 735 486 emirum:

138 504 249 569 Euryale,
259 505 341 554 infelix
369 505 399 553 ui
409 513 434 554 te
443 504 539 568 regione
550 505 648 568 reliqui?
760 504 812 552 390

139 570 222 628 Quive
233 570 332 634 sequar?
374 585 440 618 ursus
450 569 589 634 perplexum
600 569 644 618 iter
653 581 722 616 omne
732 567 811 615 revol-

234 649 292 682 vens

104 753 113 764 ¹
137 697 236 746 Faliscis
245 698 317 754 silve,
328 699 396 748 simul
406 706 430 747 et
440 697 538 762 vestigia
548 706 611 748 retro

137 762 268 812 Observets
279 764 343 828 legit,
353 764 474 827 dumisque
484 762 606 810 silentibus
615 768 684 810 erret.

135 826 212 875 Audit
219 844 298 892 equos,
307 830 373 877 rudit
380 828 489 891 strepitus
497 838 522 875 et
530 829 596 891 signe
603 831 748 890 sequentum.

137 893 190 941 Nee
208 892 303 957 longum
322 894 347 941 in
367 893 444 942 medio
460 899 569 958 tempus3
582 907 654 956 quum
672 889 809 938 clamored

219 993 222 1000 .
234 973 301 1006 eures
760 957 810 1004 ³9⁵

136 1020 255 1078 Pervenit,
277 1037 305 1070 ec
326 1021 392 1071 videt
410 1021 541 1086 Euryalum
547 1038 555 1082 ;
569 1035 639 1086 quern
653 1019 704 1084 jem
724 1034 808 1068 menne

231 1101 305 1134 omnis
728 1105 730 1115 ·

135 1149 228 1198 Frende
239 1151 284 1199 loci
294 1159 318 1199 et
328 1151 412 1207 noctis,
422 1149 499 1198 subito
508 1148 619 1197 turbante
629 1148 730 1196 tumultu

135 1213 280 1278 Oppressum
291 1215 353 1280 rupit
363 1223 388 1264 et
397 1221 521 1264 conantem
532 1214 634 1278 plurime
643 1214 738 1262 irustre

135 1278 200 1336 Quid
229 1281 315 1329 iaciat?
343 1281 390 1344 qui
416 1281 441 1328 vi
464 1279 587 1344 juvenem,
612 1277 697 1343 quibus
721 1279 809 1328 sudent

232 1361 302 1394 ermis

134 1405 249 1470 Eripere?
266 1425 297 1457 sn
308 1424 357 1457 sese
369 1408 457 1458 medios
467 1409 592 1456 moriturus
602 1407 627 1454 in
638 1421 704 1456 enses
756 1412 806 1458 too

134 1471 233 1526 Inferet,
244 1481 269 1520 et
280 1473 385 1536 pulcrum
396 1480 507 1536 properet
517 1487 560 1535 per
570 1472 666 1519 volnere
676 1473 789 1521 mortem?

133 1533 206 1583 Ocids
216 1536 321 1584 adducto
331 1545 441 1599 torquens
452 1537 534 1584 hastile
545 1536 639 1592 lacerto,

133 1597 267 1662 Suspiciens
278 1599 348 1648 sitem
360 1600 459 1662 Lunam,
470 1600 503 1648 sic
514 1615 572 1646 voce
583 1606 706 1662 precetur:

131 1662 176 1717 Tu,
187 1663 248 1720 Dee,
260 1673 286 1714 tu
297 1679 400 1729 presens
410 1672 488 1712 nostro
499 1678 608 1710 suocorre
618 1663 700 1717 labori,

132 1726 256 1778 Astrorunu
267 1730 346 1785 decus,
357 1738 382 1778 et
392 1743 512 1777 nemorum
524 1726 623 1776 Lutonie
633 1734 727 1788 eustm
754 1733 805 1781 405

132 1790 157 1840 Si
168 1808 215 1856 qus
225 1794 271 1843 tuis
282 1811 391 1861 umquem
402 1809 445 1859 pro
453 1809 491 1841 rue
502 1801 568 1856 peter
579 1792 699 1858 Hyrtacus
709 1792 756 1841 sris

133 1856 204 1906 Dons
211 1860 274 1916 tulit,
284 1861 303 1909 si
314 1877 361 1924 que
371 1860 422 1924 ipse
433 1859 490 1908 meis
500 1857 622 1907 venatibus
633 1856 697 1912 suxi,

131 1920 278 1986 suspendive
289 1926 361 1980 tholo,
371 1933 413 1972 eut
421 1940 486 1972 ssore
496 1925 527 1971 nd
538 1922 629 1988 fastigia
640 1921 696 1983 fixi3

131 1985 205 2036 Hune
223 1988 273 2036 eine
289 2005 328 2038 ms
346 1990 441 2038 turbare
459 1988 562 2054 globum.
580 1995 605 2036 et
623 2000 678 2052 rege
697 1987 746 2036 tela
760 2003 805 2053 per

227 2068 302 2101 eures.

131 2112 245 2176 Dixeret;
260 2125 285 2165 et
295 2125 344 2166 toto
355 2119 470 2167 connixus
480 2133 578 2183 corpore
589 2118 677 2166 ferrum
753 2119 804 2166 410

129 2177 240 2244 conjicit.
273 2181 350 2230 Haste
359 2182 440 2230 volens
449 2183 525 2232 noctis
535 2182 670 2231 diverberet
681 2179 782 2237 urnbres,

129 2242 162 2291 Et
172 2245 237 2293 venit
247 2247 322 2294 aversi
331 2246 357 2294 in
367 2255 457 2310 tergum
469 2247 592 2302 Sulmonis,
602 2245 682 2307 ibique

128 2307 260 2373 Frangitur,
271 2326 299 2360 se
310 2312 362 2358 fisso
372 2311 456 2358 transit
465 2311 595 2375 praeoordis
605 2309 675 2372 ligno.

128 2371 239 2424 Volvitur
245 2375 284 2424 ille
291 2390 387 2425 vomens
394 2375 496 2424 calidum
504 2376 535 2423 de
541 2382 636 2450 pertore
644 2372 732 2419 flumen

128 2433 245 2500 Frigidus,
255 2448 279 2490 et
289 2440 364 2506 longis
374 2439 513 2504 singultibus
523 2439 563 2486 ibe
573 2437 655 2502 pulset.
750 2438 802 2487 415

127 2497 223 2552 Diversi
234 2505 431 2572 circumspiciunt.
464 2503 518 2551 Hoc
529 2503 604 2551 serior
613 2500 677 2548 idem

127 2560 192 2612 Eoos
202 2567 266 2618 eliud
275 2572 366 2620 summis
375 2570 446 2620 telum
457 2567 557 2616 iibrubet
568 2567 598 2616 sb
608 2579 679 2624 sure3

125 2623 192 2677 Dum
200 2634 329 2698 trepident,
338 2636 365 2686 iit
372 2637 439 2685 hesta
445 2633 510 2698 Tago
518 2639 660 2698 pertenpus
673 2633 800 2695 unumque
