1888 2924
146 127 196 176 25⁴
321 115 482 172 AENEIDOS
499 117 556 168 Lis.
567 110 644 170 VIII.

146 243 299 310 Gonjunxere
309 240 361 300 tibi,
372 249 397 291 et
407 241 462 290 tatis
471 256 541 305 egere
551 241 675 292 volentem.

146 310 282 365 Dardanius,
294 307 374 356 Iliacas
386 308 474 372 primns
485 313 552 371 pater
563 307 627 355 urbis
637 315 661 356 et
672 314 761 365 auctor,

145 375 248 432 Electri,
258 383 285 422 nt
295 373 363 423 Graii
374 373 507 436 perhibent,
517 369 639 421 Atlantide
649 379 733 428 tretia,
772 377 825 424 135

125 467 127 472 ·
145 440 280 491 Advehitur
288 437 391 486 Teucros
398 456 406 499 ς
422 437 540 486 Electram
551 453 672 486 maxumus
682 438 749 486 Atlas

145 506 237 562 Edidit,
248 502 355 552 etherius
366 504 463 550 humero
473 503 514 566 qni
524 502 622 550 sustinet
631 503 705 551 orbes.

145 570 220 622 Vobis
231 567 365 617 Mercurius
376 576 444 632 pater
454 575 496 622 est,
507 581 578 630 quem
588 567 690 617 madida
700 566 769 617 Mais

146 635 252 702 Cyllene
263 631 341 697 gelido
351 638 491 696 conceptum
501 631 590 682 vertice
600 633 676 694 fudit5

144 699 180 749 At
192 699 290 752 Maiam,
302 696 387 746 auditis
398 698 416 745 si
427 695 556 760 quidquam
566 697 690 753 credimus,
700 695 776 753 Atlas,

145 765 215 814 Idem
226 762 295 813 Atlas
305 770 409 826 generat,
420 761 472 809 coeli
483 761 523 824 qui
535 760 613 810 sidera
623 763 690 810 tollit.
771 765 818 812 141

146 830 185 878 Sic
197 844 271 893 genus
281 829 401 875 amborum
411 825 497 874 scindit
508 841 532 874 se
543 827 656 890 sanguine
667 827 697 875 ab
708 841 764 876 nno.

146 895 192 944 His
200 895 281 947 fretus,
292 907 340 941 non
352 892 447 955 legatos,
458 905 535 954 nequa
546 892 623 954 prima
632 907 675 956 per
686 897 761 939 artem

145 959 301 1009 Tentamenta
312 956 346 1004 tui
358 955 450 1019 pepigi:
467 970 513 1010 me,
523 971 561 1004 me
571 956 629 1020 ipse,
639 969 763 1021 meumque

146 1024 233 1088 objeci
244 1030 323 1086 caput,
334 1028 359 1068 et
368 1019 467 1084 supplex
478 1021 508 1066 ad
520 1018 602 1068 limina
611 1021 674 1069 veni.
770 1023 820 1072 145

56 1109 59 1114 ·
146 1089 213 1138 Gens
223 1088 316 1141 eadena
326 1101 378 1148 qna
388 1093 421 1141 te,
431 1084 521 1133 crudeli
532 1084 630 1134 Daunia
640 1085 701 1134 helio

145 1153 298 1217 Insequitnr3
313 1165 356 1198 nos
366 1150 386 1198 si
398 1149 494 1214 pellant,
504 1148 563 1196 nihil
575 1150 656 1198 abfore
667 1150 776 1205 credunt,

146 1219 212 1277 Quin
218 1232 310 1266 ornnem
315 1215 454 1280 Hesperiam
460 1213 554 1278 penitas
561 1215 650 1262 suaaub
653 1215 819 1280 jugamittant,

147 1284 181 1334 Et
192 1299 263 1340 mare,
270 1281 334 1346 qnod
345 1297 372 1328 sn
390 1296 424 1336 rs,
434 1285 538 1334 teneant,
561 1281 655 1344 n'odque
663 1279 737 1328 adluit
747 1279 818 1328 infra.

145 1347 248 1412 Adcipe,
258 1345 362 1412 daqneli
380 1361 424 1393 em
447 1343 508 1392 Sunt
518 1359 550 1391 nn
568 1343 573 1356 '
597 1345 666 1393 fortia
676 1343 738 1392 hello
770 1348 818 1395 150

146 1413 255 1468 Pectora,
266 1418 320 1458 sunt
328 1410 407 1466 animi,
418 1416 442 1457 et
451 1409 522 1459 rebus
532 1423 543 1454 s
613 1416 638 1458 ta
650 1409 764 1456 'aventus

179 1478 280 1526 Dixerat
289 1473 384 1522 AEneas.
411 1471 456 1519 Ille
467 1487 500 1526 os,
511 1472 636 1537 oculosque
655 1473 762 1536 equentis

144 1541 161 1590 J
163 1557 200 1588 am
210 1540 308 1592 dudum,
318 1543 344 1582 et
353 1544 428 1583 totum
438 1534 552 1583 lustrabat
562 1537 651 1584 lumine
660 1551 752 1600 eorpus

144 1603 206 1652 Tum
217 1603 250 1650 sio
260 1615 337 1664 panca
346 1601 432 1647 refert:
448 1599 484 1646 Ut
493 1605 525 1652 te,
536 1599 659 1647 fortisslme
669 1599 794 1658 Tencnim,

145 1667 248 1731 Adcipio
256 1665 419 1730 adgnosooqne
426 1661 512 1710 libens!
524 1671 551 1709 ut
559 1663 631 1711 verba
639 1664 750 1728 parentis,
769 1671 817 1720 15⁵

145 1733 180 1783 Et
188 1747 270 1780 vocem
281 1728 393 1779 Anchises
403 1726 482 1790 magni
491 1726 627 1793 voltumque
638 1730 760 1778 reeordor!

144 1797 210 1850 Nam
221 1796 316 1846 memini
326 1793 436 1844 Hesiona
445 1793 560 1840 visentem
569 1807 644 1858 regna
653 1793 737 1843 sororis

144 1861 364 1912 Laomedontiaden
374 1858 501 1914 Priamum,
512 1857 631 1906 Salamina
640 1867 768 1924 petentem,

145 1928 262 1976 Protenna
273 1925 382 1975 Arcadiae
394 1923 483 1990 gelidos
492 1923 593 1972 invisere
603 1923 669 1972 fines.

142 1991 206 2040 Tum
216 1991 274 2040 mihi
283 1991 359 2054 prima
369 2005 442 2055 puna
451 1988 552 2037 vestibat
562 1989 619 2038 flore
626 1990 727 2054 juventa
733 2009 741 2053 ;
768 1993 817 2040 tto

144 2055 298 2120 Mirabarque
308 2055 381 2104 duces
391 2055 502 2110 Teucros,
512 2052 614 2101 mirabar
624 2064 648 2102 et
658 2054 735 2120 ipsum

144 2119 375 2169 Laomedontiaden:
393 2120 434 2168 sed
445 2119 536 2168 cuneda
546 2118 614 2167 altior
623 2119 674 2168 ibat

144 2184 266 2234 Anchises,
294 2182 358 2231 Mihi
369 2199 435 2232 mens
441 2183 548 2248 juvenali
559 2183 657 2231 ardebat
667 2197 745 2231 amore

144 2249 284 2315 conpellare
293 2249 378 2303 virum,
389 2256 414 2297 et
424 2247 513 2297 dextris
524 2247 667 2313 conjungere
677 2247 791 2300 demam.

143 2315 250 2370 necessi,
260 2321 285 2362 et
294 2311 396 2376 cupidus
407 2311 498 2360 Phenei
509 2313 553 2360 snb
563 2312 650 2360 moenia
659 2310 724 2358 duxi.
766 2313 814 2362 165

143 2380 190 2430 Ille
200 2379 258 2428 mihi
267 2378 312 2427 insi
359 2393 383 2426 tn
394 2377 529 2442 pharetram
539 2376 670 2441 Lyciasque
680 2373 777 2436 sagittas

143 2444 275 2495 Discedens
324 2444 479 2506 amydemqne
489 2456 547 2489 auro
557 2440 624 2489 dedit
632 2441 793 2495 intertextam,

142 2508 266 2576 Frenaque
276 2510 340 2566 bins,
347 2521 413 2556 mens
421 2521 474 2569 quoe
481 2519 545 2554 nnnc
552 2503 633 2558 habet,
640 2517 719 2559 aurea,
727 2503 815 2554 Pallas.

142 2571 208 2638 Ergo
216 2585 248 2632 et,
255 2576 325 2640 quem
333 2571 420 2638 petitis,
422 2572 508 2638 juncta
515 2575 550 2618 est
558 2567 616 2616 mihi
622 2567 711 2618 foetlere
718 2569 815 2632 dextra3

144 2635 184 2694 Et,
195 2639 235 2688 lux
246 2655 319 2706 qnam
329 2635 431 2706 prinnina
439 2635 507 2686 tetris
517 2631 752 2693 secmdnareddet,
767 2638 816 2686 sto
