1888 2924
151 139 198 186 196
345 129 507 182 AENEIDOS
521 131 580 182 Iun}
590 133 621 182 V.

145 255 226 311 Quum
234 255 291 304 Des
301 269 326 304 se
336 255 431 320 poribus
441 271 484 320 per
493 255 578 304 coslum
589 255 680 304 sustulit
690 257 739 314 slis,

145 319 317 384 lugentemque
327 321 385 386 iugi
394 321 468 369 secuit
477 321 522 368 sub
532 320 633 368 nubibus
643 335 730 369 mcum.

144 385 205 432 Tum
216 400 272 434 vero
283 386 395 434 sdtunitoe
406 387 521 440 mombis,
531 393 635 446 wicque
645 386 732 440 furore,
765 388 815 434 659

144 449 306 506 Conclamant,
317 451 458 515 rapiuntque
468 450 526 498 iocis
532 449 694 513 -psuetmtibus
703 450 796 513 ignem

144 513 205 563 Pers
214 514 315 577 spolient
325 532 384 572 urus,
395 517 502 564 frondem
513 529 540 564 sc
552 515 651 578 virgulto
661 516 770 577 facesque

144 578 288 642 Conjiciunt.
315 581 383 630 Furit
392 581 491 628 inmissis
501 579 621 628 Volcanus
631 579 728 628 habenis

143 643 256 690 Transtrs
296 655 343 694 ret
353 661 427 694 remos
438 655 462 693 et
473 645 548 708 pictus
558 646 635 694 abiete
646 659 743 710 puppes.

143 707 250 756 Nuntius
284 711 372 762 uchisc
382 712 413 758 sd
423 710 539 758 tumulum
549 725 680 775 cuneosque
692 707 776 758 tbeutri

143 769 256 822 Incensus
267 777 356 840 periert
366 791 437 824 usses
448 775 575 834 Eumelus5
590 775 669 838 stipsi
764 775 814 823 665

143 835 284 902 Respiciunt
295 849 369 890 utrum
379 841 404 888 iu
413 839 494 888 nimbo
505 839 602 886 volitare
613 839 723 888 fusilium.

143 901 236 952 Primus
247 913 272 953 et
281 906 403 960 Asconius,
413 919 493 952 cursus
503 912 531 951 ut
541 904 607 951 intus
614 911 731 966 equestres

143 967 261 1026 Ducebat,
272 969 305 1018 sic
316 985 370 1019 secr
377 984 437 1034 equo
447 968 542 1016 substa
552 968 635 1031 petiuit

143 1031 227 1082 Castra
231 1051 239 1094 ;
248 1050 294 1082 nec
302 1036 419 1084 exanimes
429 1039 526 1097 possunt
534 1033 635 1082 retinere
645 1031 755 1098 magistri.
764 1035 813 1082 669

142 1098 202 1154 Quis
209 1100 274 1146 furor
280 1100 324 1148 iste
332 1099 421 1148 novus?
431 1113 478 1162 quo
486 1112 611 1174 nuncque
617 1098 721 1156 tenditis,
727 1095 812 1160 inquit,

141 1161 197 1210 Heu
208 1164 297 1214 miserae
308 1165 387 1213 cives?
402 1179 451 1211 non
462 1164 560 1218 hostem,
570 1163 710 1228 inimicaque
720 1171 796 1212 castro

140 1225 270 1292 Argivdm3
286 1239 374 1278 vestras
384 1244 436 1293 spes
447 1228 520 1276 uritis.
549 1229 596 1284 Eu,
606 1245 651 1293 ego
660 1233 738 1277 vester

140 1290 263 1343 Asconius.
291 1294 390 1343 Geieum
401 1302 455 1342 unte
466 1294 540 1357 pedes
551 1294 651 1370 projecit
661 1293 763 1346 iusnem,

140 1355 196 1412 Qus
206 1358 263 1406 ludo
272 1359 368 1408 indutus
380 1359 434 1406 belli
445 1359 567 1406 simulacro
577 1360 661 1407 crebot.

139 1423 267 1472 Adcelerst
277 1424 346 1472 simul
357 1423 450 1476 AEness,
462 1422 529 1469 simul
540 1423 633 1485 agmins
643 1420 766 1470 Teucrdns.

139 1484 186 1532 Ast
196 1487 241 1534 irtus
253 1487 345 1534 diverse
355 1496 419 1534 metu
430 1501 472 1548 per
484 1485 552 1532 litore
563 1487 647 1548 possim
683 1511 685 1518 ·
762 1487 811 1534 676

140 1549 290 1612 Diffugiunt5
306 1551 428 1611 silvasque,
438 1557 462 1595 et
472 1549 547 1595 sicubi
557 1565 660 1598 concurs
671 1547 750 1596 furtim

139 1611 209 1674 Suus,
221 1621 311 1676 petunt.
338 1614 408 1676 Piget
418 1613 514 1674 incepti,
526 1612 646 1676 lucisque3
662 1627 761 1676 suosque

139 1675 240 1726 Mutatus
251 1679 404 1740 sdgncscunt,
413 1691 556 1741 excussoque
567 1685 662 1740 pectore
671 1678 688 1727 J
690 1691 736 1725 uno
747 1685 789 1726 est.

139 1739 187 1789 Sed
197 1758 246 1791 non
256 1743 344 1792 idcirco
354 1743 452 1790 flsmmrs
462 1749 533 1806 utque
544 1742 565 1789 ir
585 1742 654 1792 endis
662 1741 724 1791 vires
761 1745 809 1792 680

138 1805 270 1857 Indomitos
279 1824 390 1872 posuere:
409 1809 456 1855 udo
467 1808 510 1854 sub
521 1808 604 1856 robore
614 1807 675 1855 vivit

139 1870 232 1938 Stupps
241 1889 337 1924 vomens
347 1874 440 1922 turdum
449 1873 548 1936 tunsum,
558 1873 681 1936 lentusque
691 1872 782 1920 curium

139 1935 183 1984 Est
193 1953 275 2002 vapor,
285 1947 310 1986 ut
320 1947 369 1988 toto
380 1937 501 1988 descondit
511 1953 608 2002 corpore
620 1937 704 2002 pestius

139 1999 165 2047 N
165 2016 193 2049 ec
203 2003 265 2049 vires
275 2005 373 2050 heroum
382 2003 505 2067 infusaque
516 2003 615 2052 flumine
624 2010 728 2067 prosunt.

137 2063 198 2112 Tum
206 2067 259 2130 pius
269 2067 355 2115 AEness
366 2068 467 2118 humeris
477 2069 614 2118 abscindere
624 2076 720 2123 uestem,
760 2067 808 2115 685

137 2127 279 2194 Auxilioque
289 2145 374 2180 vocure
385 2132 457 2187 Deos,
468 2142 492 2180 et
502 2135 599 2182 tendere
610 2134 713 2198 potrum:
769 2173 770 2176 ,

137 2194 154 2243 J
156 2195 249 2260 uppiter
259 2195 414 2259 omnipotens,
425 2197 444 2244 si
455 2197 560 2246 nondum
570 2213 653 2247 exosus
661 2199 692 2246 ed
704 2209 775 2244 unum

137 2259 258 2326 ijsnos,
270 2260 357 2324 siquid
368 2261 442 2324 pictos
453 2263 549 2326 antiqua
558 2264 650 2310 labores

137 2323 245 2390 Respicit
256 2325 376 2381 humanos,
387 2326 419 2372 ds
429 2326 546 2378 flammam
556 2328 657 2376 euadere
666 2320 733 2374 clossi

138 2389 164 2437 N
165 2407 221 2449 nnc,
231 2389 309 2446 Peter,
320 2397 344 2438 st
354 2397 437 2438 tenues
446 2390 563 2438 Teucriru
574 2405 611 2438 res
621 2390 686 2450 eripe
697 2386 750 2435 leto.

137 2453 185 2504 ver
196 2465 230 2512 tu,
240 2456 304 2521 quod
315 2461 427 2518 superest,
436 2453 523 2502 intumo
533 2454 630 2503 fulmins
640 2451 717 2508 morti,
759 2455 806 2500 691

137 2515 163 2564 Si
174 2536 272 2576 mereor,
281 2521 385 2575 demitte,
397 2518 483 2582 tuique
493 2517 532 2566 bic
542 2519 616 2567 obrue
626 2517 716 2566 dextri„

136 2581 186 2632 Vix
198 2586 248 2640 hcc
259 2586 373 2652 ediderat,
384 2599 456 2650 quum
465 2582 546 2632 effusis
556 2582 668 2632 imbribus
679 2590 729 2632 stro
799 2616 809 2634 =.
