1888 2924
142 137 191 184 sos
329 89 638 181 numnos'nnvs

142 255 229 310 Lucus,
239 259 263 302 et
272 252 376 301 obscuris
385 251 499 301 claudunt
507 251 651 301 oonvaliibns
660 252 758 303 umbre.

143 319 189 368 Sed
201 335 248 368 non
259 325 314 366 ante
325 319 395 365 datur
405 317 494 368 telluris
504 325 587 382 operta
596 318 680 374 subite,
765 321 815 368 14⁰

143 383 282 433 Auricomos
291 399 361 494 ium
372 383 424 446 quis
434 384 578 446 decerpserit
588 383 670 430 arbore
680 382 750 431 setus.

145 450 199 498 Hoo
210 448 253 497 sibi
263 464 296 510 pu
306 462 346 496 ora
356 463 424 496 suum
435 447 490 496 ferri
501 446 642 510 Proserpina
652 461 736 494 munus

145 514 257 563 Instituit
286 513 370 560 Primo
376 513 455 561 avoiso
465 527 513 561 non
524 513 604 561 definit
613 512 672 560 aiter

144 578 253 638 Aureus;
268 585 292 624 et
303 577 371 625 simili
383 579 510 626 frondescit
520 578 586 642 virga
596 577 697 625 metallo.

145 642 209 706 Ergo
220 644 266 690 aite
276 643 366 706 vestiga
376 643 456 698 oculis,
466 652 490 690 et
501 642 546 690 rite
556 649 675 706 repertum
767 645 817 692 145

146 707 308 772 Carpemanu.
320 707 568 771 Namqueipsevolens
575 707 817 770 facilisquesequetur,

146 771 172 820 Si
183 780 207 821 te
218 774 268 821 feta
276 781 376 822 vocent:
393 773 468 827 aliter,
479 787 528 819 nou
538 771 627 819 viribus
638 772 691 822 uilis

146 835 257 894 Vincere,
267 853 312 886 nec
323 839 383 885 duro
394 838 480 900 poteris
490 836 621 885 convellere
631 837 699 884 ferro.

147 899 266 952 Praetetes
273 903 338 967 jacet
348 903 482 951 exanimum
492 901 535 948 tibi
546 915 630 963 corpus
640 901 715 956 amisi,
771 903 821 950 149

147 966 218 1028 (Heu
228 966 316 1028 neseis)
326 975 444 1030 totamque
454 967 553 1014 incestet
565 965 647 1014 funere
658 966 768 1027 classem

149 1031 215 1080 Dum
225 1032 331 1080 consulta
342 1031 409 1094 petis,
420 1039 544 1093 nostroque
555 1030 580 1076 in
590 1029 674 1078 limine
681 1032 777 1094 pendes.
872 1085 877 1096 ι

149 1094 248 1144 Sedibus
260 1099 322 1144 hune
333 1097 396 1144 refer
406 1103 461 1144 ante
472 1096 527 1151 suis,
537 1103 562 1144 et
571 1097 647 1144 oonde
656 1096 773 1159 sepulcro.

149 1160 205 1208 Duo
217 1163 294 1225 nigras
305 1162 421 1224 pecudes:
437 1161 554 1224 ea-prirna
565 1160 658 1224 piacula
665 1171 741 1209 sunto.

150 1224 189 1273 Sio
200 1228 295 1274 demum
306 1225 370 1273 lucos
382 1226 482 1290 Stygios,
493 1241 566 1289 regna
575 1225 640 1273 invia
649 1225 716 1281 viris,

151 1291 282 1354 Adspicies.
310 1291 385 1346 Dixit,
397 1305 521 1354 pressoque
532 1291 648 1338 obmutuit
658 1303 706 1340 ore.
775 1293 823 1340 1⁵5

183 1355 270 1404 AEneas
280 1365 360 1412 maesto
371 1357 461 1404 defixus
473 1355 560 1402 lumina
571 1356 635 1404 voitu

151 1418 295 1481 Ingreditur,
307 1420 414 1482 linquens
424 1429 530 1479 antrum3
545 1431 665 1484 oreoosque
675 1418 767 1466 volutet

150 1482 257 1531 Eventus
269 1484 347 1530 animo
358 1493 451 1530 secum
467 1483 504 1529 cui
516 1483 576 1529 fidus
587 1483 691 1530 Achates

152 1545 177 1592 It
188 1561 273 1602 comes,
284 1555 308 1594 et
319 1547 415 1608 paribus
426 1546 487 1594 curis
497 1546 596 1608 vestigia
607 1547 664 1609 figit.

152 1609 233 1658 Multa
243 1611 305 1658 inter
315 1625 366 1658 sese
376 1610 441 1657 vario
451 1624 557 1657 sermone
568 1611 677 1658 serebant
683 1627 690 1670 ;
778 1613 829 1660 160

152 1673 230 1732 Quem
236 1674 324 1724 socium
332 1674 463 1722 exanimem
473 1680 546 1729 vates,
555 1676 619 1739 quod
631 1689 716 1738 eorpus
727 1675 828 1724 humau-
930 1687 931 1700 ¹

250 1742 306 1788 dum

154 1803 260 1854 Diceret.
287 1805 367 1870 Atque
376 1804 410 1852 itti
418 1803 538 1851 Misenum
548 1802 574 1850 in
584 1803 652 1852 litote
662 1803 732 1860 sioto,

153 1868 188 1918 Ut
198 1885 293 1927 venere,
303 1871 386 1918 vident
397 1869 492 1933 indigni
503 1876 577 1917 morte
587 1876 735 1933 peremtum

152 1932 274 1983 Misenum
286 1934 410 1996 AEoliden3
426 1950 472 1998 quo
483 1947 531 1981 uon
542 1933 690 1997 prestantior
700 1935 760 1983 alter

150 1995 207 2044 AEre
219 1999 281 2046 ciere
291 1997 361 2054 viros,
373 2001 522 2062 Montemque
532 1999 665 2048 sdoendere
676 2008 769 2048 cantu·
781 2001 840 2051 165·

154 2061 264 2110 Hectoris
274 2063 313 2110 hic
324 2065 402 2127 magni
415 2065 491 2112 suerat
502 2077 595 2126 comos3
610 2065 716 2113 Hectora
726 2066 814 2114 circum

154 2125 188 2173 Et
198 2125 256 2173 lituo
267 2143 358 2190 pugnas
369 2129 466 2193 insignis
477 2128 558 2175 obibat
569 2137 593 2178 et
604 2129 685 2178 hasti:

153 2189 281 2254 Postquam
293 2193 359 2240 ilium
369 2193 419 2241 viti
429 2193 503 2241 victor
515 2193 747 2256 spoiisvit·Achi11es,

154 2254 278 2304 Dardanio
289 2255 371 2304 AEnete
383 2273 433 2306 sese
444 2257 581 2306 fortissimos
591 2260 660 2306 heros

154 2319 289 2368 Addiderat
299 2321 395 2378 socium,
406 2335 454 2370 non
465 2322 577 2369 inferiora
586 2331 685 2370 mutus.
784 2322 834 2367 1⁷0

155 2383 204 2433 Sed
215 2393 272 2440 tum,
284 2385 344 2434 sorte
355 2386 413 2433 cavi
425 2387 481 2433 dum
495 2394 604 2448 personat
613 2398 710 2447 aequora
719 2385 818 2440 eonem,

158 2448 271 2506 Demens,
281 2457 306 2497 et
316 2459 389 2498 contu
399 2457 468 2497 vocat
477 2449 502 2496 in
514 2450 643 2496 certamina
653 2449 737 2505 Divos,

156 2511 265 2564 AEmuius
275 2523 401 2580 exceptum
411 2515 493 2564 Triton
503 2512 536 2590 (si
547 2515 645 2562 oredeoe
654 2513 755 2578 dignum
766 2511 815 2578 est)

156 2573 225 2625 Inter
235 2595 292 2628 saxa
301 2582 377 2630 vuum
388 2578 498 2646 spumosi
509 2586 648 2627 inmerserat
658 2581 730 2628 undi.

156 2635 221 2704 Ergo
231 2657 313 2694 omnes
323 2661 409 2712 magno
419 2645 507 2696 &cusa
518 2642 621 2694 elamore
631 2645 780 2708 fremebantr
800 2663 806 2676 ·
