1898 2934
113 125 116 128 ’
136 127 184 175 136
329 125 492 178 AENEIDOS
509 129 565 178 Lm.
578 127 614 177 11.

134 245 251 304 Procedo,
262 256 286 296 et
297 248 385 298 Priami
395 251 463 300 sedes
474 265 596 314 arcemque
607 250 690 302 reviso.
763 259 812 306 760

135 311 169 360 Et
176 313 227 378 jem
237 311 364 376 porticibus
375 317 455 364 vacuis
465 319 481 368 J
483 317 566 366 ononis
577 317 643 380 asylo

135 376 252 426 Custodes
263 379 325 434 lecti,
337 380 437 428 Phoenix
450 390 474 435 ω
485 383 549 430 dirus
559 380 649 436 Ulixes,

134 441 244 491 Prmdom
254 443 417 493 adservabant.
446 447 502 496 Huc
513 445 617 509 undique
626 444 700 494 Trois
710 463 768 511 gers

134 505 242 554 lucensis
252 517 334 573 erepte
345 511 430 576 adytis,
441 527 573 576 mensaeque
582 511 689 567 deorum,

134 570 290 635 Crateresque
301 590 358 622 euro
369 576 444 631 solidi,
457 575 595 640 captivaque
605 576 676 624 vestis
757 580 807 628 765

134 635 283 700 congeritur.
311 639 383 689 Pueri
394 650 419 690 et
429 643 522 706 pavide
534 641 602 704 longo
613 641 697 689 ordine
707 649 793 690 matres

80 698 86 709 ⁸
133 698 204 748 Stant
212 702 306 752 circum.

133 764 212 814 Ausus
222 769 280 831 quin
290 769 361 818 etism
372 786 442 819 voces
448 771 540 835 jactare
552 785 594 834 per
605 770 720 828 umbram,

133 829 228 895 Inpleri
239 833 340 884 clamore
351 836 408 890 vius,
419 843 557 900 mestusque
568 833 681 882 Creiisam

133 893 302 963 Nequidquam
317 900 464 964 ingeminans
478 900 609 964 iterumque
624 899 756 966 iterumque
766 917 809 949 vo-

229 964 288 1012 cavi.
759 970 809 1018 770

132 1025 263 1084 Quaerenti,
273 1036 298 1076 et
308 1029 376 1078 tectis
387 1029 450 1078 urbis
461 1029 511 1080 sine
522 1031 570 1077 line
581 1028 677 1083 furenti,

132 1089 219 1140 Infelix
231 1093 379 1142 simulacrum
391 1101 460 1157 atque
470 1094 543 1158 ipsius
553 1094 636 1142 umbra
647 1093 742 1146 ereisae

131 1155 192 1204 Visa
202 1157 260 1206 mihi
271 1165 326 1206 unte
336 1159 423 1214 oculos,
435 1167 460 1207 et
471 1160 528 1208 noti
538 1160 613 1224 major
623 1158 707 1222 imago.

132 1219 260 1288 Obstupui,
271 1231 432 1289 steteruntque
442 1241 523 1281 comm,
531 1233 555 1274 et
561 1240 606 1273 vox
615 1224 722 1274 faucibus
730 1225 805 1274 haesit.

130 1283 191 1334 Tum
203 1289 237 1336 sie
248 1289 332 1344 edium
343 1299 368 1336 et
379 1295 446 1338 cures
457 1289 494 1337 his
505 1291 598 1338 demere
609 1289 691 1338 dictis:
756 1293 805 1342 775

130 1350 197 1406 Quid
207 1361 300 1402 tuntum
311 1353 393 1401 insano
401 1355 471 1419 juvet
480 1355 603 1418 indulgere
614 1355 696 1411 dolori,

131 1415 154 1462 Ο
166 1417 242 1464 dulcis
252 1418 372 1480 conjunx?
389 1434 437 1467 non
448 1420 499 1466 hmo
510 1419 560 1466 sine
571 1418 667 1466 numine
679 1417 767 1466 Divom

130 1477 258 1530 Eveniunt.
276 1481 329 1528 Neo
339 1488 364 1528 te
375 1482 431 1529 hinc
441 1482 549 1530 comitem
560 1490 679 1544 asportare
690 1481 803 1530 Creiissm

129 1542 182 1600 Fur,
194 1553 235 1592 aut
245 1544 284 1591 ille
295 1544 350 1590 sinit
360 1544 439 1607 superi
449 1553 560 1606 regnator
570 1545 676 1610 Olympi.
754 1547 802 1594 779

129 1605 213 1670 longa
224 1608 267 1655 tibi
277 1607 366 1662 exsilis,
375 1616 399 1656 st
407 1615 498 1655 vastum
508 1608 577 1656 meris
585 1624 666 1672 aequor
673 1610 788 1658 erundum
793 1627 802 1674 3

128 1669 162 1718 Et
171 1679 258 1720 terrum
268 1672 408 1737 Hesperium
417 1672 513 1733 venies3
529 1672 570 1720 nbi
581 1672 680 1738 Lydius,
691 1689 748 1721 srva

129 1736 198 1785 Inter
208 1738 288 1802 opima
297 1737 381 1794 virim,
392 1737 439 1785 leni
450 1737 502 1784 fluit
513 1737 605 1800 agmine
616 1738 726 1802 Thybris.

128 1801 182 1849 Illic
193 1819 230 1851 res
240 1804 307 1858 loetae,
318 1818 471 1868 regnumque,
482 1809 506 1850 et
516 1802 580 1866 regis
590 1803 694 1878 conjunx

128 1867 201 1916 Parte
211 1869 270 1930 tibi;
285 1869 391 1916 lacrimas
402 1867 494 1916 dilecte
504 1867 566 1931 pelle
577 1867 679 1917 Creissae.
752 1871 803 1920 ⁷84

128 1931 186 1981 Non
198 1949 241 1996 ego
252 1933 432 1998 Myrmidonum
443 1933 509 1980 sedes
519 1931 668 1996 Dolopumve
679 1933 791 1997 superbas

127 1995 273 2060 Adspicium,
284 2006 325 2045 sut
336 1997 415 2047 Graiis
425 1997 536 2046 servitum
546 1998 659 2046 matribus
669 1998 717 2055 ibo,

127 2061 255 2116 Dardanis,
266 2072 291 2109 et
301 2063 362 2110 divae
373 2063 474 2111 Veneris
484 2077 570 2110 nurus:

126 2125 175 2174 Sed
186 2142 224 2174 me
234 2142 320 2190 magno
330 2126 409 2174 Derim
420 2127 526 2191 genetrix
538 2127 574 2174 his
585 2128 675 2177 detinet
686 2128 739 2178 oris.

126 2193 227 2256 Jamque
237 2191 298 2246 vale,
308 2200 334 2240 et
344 2192 395 2239 nuti
406 2207 474 2240 serva
484 2193 615 2241 communis
627 2209 735 2242 amorem.

127 2257 187 2306 Haec
198 2255 238 2304 ubi
249 2255 313 2304 dictu
324 2257 398 2313 dedit,
412 2257 581 2314 lacrimantem,
597 2267 621 2306 et
637 2258 711 2306 mults
720 2256 801 2305 volen-

222 2329 270 2370 tem
751 2325 801 2375 790

127 2385 223 2442 Dicere,
234 2386 344 2441 deseruit,
354 2394 483 2449 tenuesque
494 2385 589 2434 recessit
599 2386 625 2434 in
636 2401 711 2434 auras.

125 2450 173 2498 Ter
183 2460 280 2500 conatus
290 2451 323 2499 ibi
334 2451 393 2499 oollo
404 2452 461 2499 dare
471 2450 569 2498 brochis
578 2450 682 2511 circum;

125 2513 172 2560 Ter
183 2517 269 2565 frustra
279 2531 409 2580 conprensa
420 2529 502 2564 munus
513 2515 597 2579 effugit
607 2516 693 2580 imago,

126 2577 175 2626 Pet
185 2579 276 2632 levibus
285 2582 369 2640 ventis,
379 2580 515 2644 volucrique
526 2579 642 2631 simillima
652 2595 741 2632 somno.
