1878 2930
132 148 165 196 40
308 142 515 228 GEOliGICON
531 141 622 192 L1a.1.

132 268 184 316 Aut
193 283 264 333 quum
275 267 323 316 sole
332 282 395 314 noro
404 275 478 314 terras
487 267 577 314 inrorat
587 266 657 316 Eous.

132 333 211 382 Nocte
222 334 284 382 leves
294 332 376 380 niellus
386 332 485 395 stipulae,
500 339 569 379 nocte
580 333 646 380 arida
656 338 724 396 prata

132 398 284 457 Tondentur3
299 405 379 444 noctes
389 397 466 444 lentus
477 413 525 444 non
536 396 616 445 delicit
626 399 717 446 humor.
752 399 802 446 290

133 462 167 510 Et
176 463 271 528 quidam
282 477 344 509 seros
355 461 446 509 hiberni
457 463 488 508 ad
499 461 593 508 luminis
603 461 668 525 ignes

133 526 269 590 Pervigilem,
280 526 387 589 ferroque
398 527 461 576 isoes
471 526 571 590 inspicat
581 535 663 575 acuto:

131 591 238 647 Interea,
249 591 343 654 longum
355 599 426 639 cantu
437 592 510 639 solata
521 591 631 647 laborem,

132 655 226 720 Arguto
236 657 340 720 conjunx
350 657 465 720 percurrit
475 655 569 720 pectine
579 656 652 715 telae5

132 720 184 768 Aut
195 721 269 768 dulcis
280 721 349 769 musti
359 721 466 770 Volcano
476 721 586 784 decoquit
596 721 726 777 humorem,
754 721 803 769 295

133 785 167 833 Et
177 786 239 833 foliis
249 787 336 834 undam
347 787 433 850 trepidi
444 787 567 850 despumat
577 786 655 834 aheni.

132 849 167 898 At
177 851 392 900 rubicunda‘Ceres
402 851 479 898 medio
489 850 616 899 succiditur
627 858 684 900 aestn
693 867 701 910 ;

134 915 167 962 Et
177 916 254 963 medio
265 924 337 965 tostas
347 925 405 966 testu
416 915 470 966 terit
480 931 535 963 area
546 915 631 978 fruges.

132 979 222 1028 Nudus
232 997 280 1037 ara,
291 997 342 1030 sere
353 983 443 1028 nudus:
460 979 534 1029 hiems
544 981 630 1044 ignava
640 979 730 1028 colono.

132 1045 268 1109 Frigoribus
278 1054 346 1110 parto
356 1046 461 1110 agricolae
473 1046 610 1108 plerumque
621 1046 738 1099 fruuntur,
754 1045 804 1090 300

133 1110 267 1176 Mutunque
277 1109 339 1159 inter
350 1127 374 1159 se
385 1111 432 1160 laeti
444 1109 552 1158 convivia
561 1117 652 1159 curant.

132 1175 223 1224 Invitat
233 1176 330 1240 genialis
340 1176 422 1233 hiems,
432 1191 546 1240 curasque
555 1175 664 1235 resolvit;
749 1203 752 1209 -

133 1239 193 1297 Ceu,
204 1257 288 1306 pressae
299 1257 371 1306 quum
378 1242 428 1306 jam
439 1249 532 1305 portum
542 1241 639 1304 tetigere
650 1236 743 1292 carine,

132 1305 258 1370 Puppibus
268 1315 292 1354 et
302 1307 349 1356 laeti
360 1316 438 1356 nautte
449 1307 572 1370 inposuere
583 1320 687 1354 coronas
755 1303 806 1350 304

133 1368 181 1418 Sed
191 1379 271 1418 tamen
282 1379 306 1418 et
315 1385 417 1433 quernas
422 1371 519 1434 glandes
526 1379 577 1418 tutu
582 1371 696 1432 stringere
702 1373 806 1430 tempuS,

134 1434 167 1482 Et
177 1434 237 1482 lauri
247 1435 339 1488 baccas,
350 1434 477 1498 oleamque,
489 1443 632 1498 cruentaque
642 1441 734 1496 myrta3

132 1498 194 1546 Tum
205 1498 300 1560 gruibus
311 1498 406 1560 pedicas
416 1507 441 1546 et
450 1497 511 1546 retia
521 1513 608 1560 ponere
619 1496 701 1552 cervis,

133 1561 275 1626 Auritosque
286 1563 350 1625 sequi
361 1563 466 1626 lepore-⁶13
481 1571 532 1610 tum
543 1563 614 1626 rigere
624 1562 713 1616 demas,

134 1626 239 1690 Stuppea
249 1633 395 1689 torquentem
406 1626 511 1675 Balearis
521 1627 620 1675 verbera
630 1627 724 1684 fundam
755 1627 805 1673 309

134 1691 215 1750 Quum
225 1691 266 1738 nix
277 1691 325 1737 alta
328 1689 400 1754 jacet,
408 1687 506 1752 glaciem
513 1706 585 1754 quum
594 1691 690 1738 flumina
697 1689 804 1740 trudamt.

166 1755 231 1814 Quid
242 1761 391 1820 tempestates
402 1755 521 1802 auctumni
532 1763 557 1804 et
567 1756 644 1803 sidera
654 1754 747 1802 dicam?

133 1822 223 1886 Atque,
233 1821 273 1868 ubi
280 1821 331 1884 jam
343 1820 481 1884 breviorque
490 1820 541 1868 dies
551 1829 576 1869 et
585 1819 676 1868 mollior
686 1827 762 1873 aestas,

134 1885 195 1940 Qua
207 1885 326 1948 vigilanda
336 1885 405 1933 uiris?
420 1885 458 1933 vel
465 1899 538 1949 quum
548 1886 596 1933 ruit
603 1884 748 1932 imbriferum
754 1897 807 1938 ver,

134 1951 220 2014 Spicea
226 1951 278 2014 jam
288 1950 377 2014 campis
387 1965 459 2014 quum
468 1951 549 1998 messis
559 1949 682 2004 inhorruit,
698 1956 722 1995 et
731 1963 806 2011 quum

134 2016 262 2064 Frumento
271 2013 298 2060 in
307 2014 376 2063 viridi
388 2015 472 2078 stipate
482 2015 593 2064 lactentia
603 2013 728 2077 turguent?
756 2015 807 2062 315

135 2079 203 2143 Saepe
213 2093 265 2142 ego,
276 2094 348 2142 quum
358 2079 424 2126 liaris
434 2095 558 2128 messorem
567 2079 690 2128 induceret
700 2075 763 2124 arvis

134 2144 253 2208 Agricola,
263 2151 287 2190 et
298 2143 375 2206 fragili
382 2143 433 2208 jam
444 2143 567 2207 stringeret
577 2143 666 2191 hordea
676 2141 761 2195 culmo,

136 2208 224 2258 Omnia
233 2215 356 2255 ventorum
366 2223 505 2256 concurrere
515 2209 597 2272 prelia
606 2206 655 2254 vidi
663 2226 671 2268 ;

135 2275 195 2332 Quae
207 2272 326 2336 gravidam
337 2271 383 2320 late
394 2281 495 2335 segetem
506 2273 536 2320 ab
546 2273 664 2321 radicibus
672 2270 725 2318 imis

135 2338 240 2387 Sublime
250 2335 370 2398 expulsam
380 2344 505 2398 eruerent3
520 2338 555 2385 ita
564 2337 659 2386 turbine
669 2335 737 2398 nigro
756 2337 808 2384 310

134 2403 217 2452 Ferret
224 2403 297 2451 hiems
304 2401 452 2464 culmumque
460 2401 535 2449 levem
542 2403 685 2466 stipulasque
692 2400 807 2448 volantes.

135 2467 203 2532 Smpe
213 2469 284 2517 etiam
293 2466 426 2514 inmensum
435 2465 494 2512 coelo
505 2468 570 2516 venit
580 2481 663 2530 agmen
674 2479 797 2529 aquatum,

135 2532 171 2580 Et
180 2533 266 2582 foednm
277 2531 406 2596 glomerant
416 2538 578 2594 tempestatem
588 2531 701 2579 imbribus
712 2529 770 2578 atris

137 2597 256 2647 Conlectae
268 2614 297 2646 ex
308 2596 355 2645 alto
365 2595 454 2654 nubes;
469 2595 517 2642 ruit
528 2599 615 2646 arduus
624 2596 706 2647 ether,

137 2661 171 2710 Et
180 2661 259 2728 pluvii
269 2663 359 2726 ingenti
369 2669 420 2712 sata
429 2660 483 2710 lata
493 2661 609 2728 boumque
619 2659 710 2708 labores
759 2661 811 2708 325
