<?xml version="1.0" encoding="UTF-8"?>
<!DOCTYPE html PUBLIC "-//W3C//DTD XHTML 1.0 Transitional//EN"
    "http://www.w3.org/TR/xhtml1/DTD/xhtml1-transitional.dtd">
<html xmlns="http://www.w3.org/1999/xhtml" xml:lang="en" lang="en">
 <head>
  <title>
</title>
<meta http-equiv="Content-Type" content="text/html;charset=utf-8" />
  <meta name='ocr-system' content='tesseract 3.04.00' />
  <meta name='ocr-capabilities' content='ocr_page ocr_carea ocr_par ocr_line ocrx_word'/>
</head>
<body>
  <div class='ocr_page' id='page_1' title='image "./opera00heyngoog/opera00heyngoog_0105.png"; bbox 0 0 1898 2934; ppageno 0'>
   <div class='ocr_carea' id='block_1_1' title="bbox 130 115 641 178">
    <p class='ocr_par' dir='ltr' id='par_1_1' title="bbox 130 115 641 178">
     <span class='ocr_line' id='line_1_1' title="bbox 130 115 641 178; baseline -0.002 -7"><span class='ocrx_word' id='word_1_1' title='bbox 130 131 162 178; x_wconf 70' lang='lat'>92</span> <span class='ocrx_word' id='word_1_2' title='bbox 300 115 508 170; x_wconf 73' lang='lat' dir='ltr'>Guonurcort</span> <span class='ocrx_word' id='word_1_3' title='bbox 524 117 582 168; x_wconf 86' lang='lat' dir='ltr'>Lns.</span> <span class='ocrx_word' id='word_1_4' title='bbox 594 117 641 170; x_wconf 77' lang='lat' dir='ltr'>IV.</span> 
     </span>
    </p>
   </div>
   <div class='ocr_carea' id='block_1_2' title="bbox 131 242 816 2702">
    <p class='ocr_par' dir='ltr' id='par_1_2' title="bbox 131 242 812 496">
     <span class='ocr_line' id='line_1_2' title="bbox 131 242 719 312; baseline -0.015 -12"><span class='ocrx_word' id='word_1_5' title='bbox 131 250 245 312; x_wconf 67' lang='lat' dir='ltr'>Arvaque</span> <span class='ocrx_word' id='word_1_6' title='bbox 255 243 365 309; x_wconf 77' lang='lat' dir='ltr'>Rhipeis</span> <span class='ocrx_word' id='word_1_7' title='bbox 374 257 503 309; x_wconf 86' lang='lat' dir='ltr'>numqusm</span> <span class='ocrx_word' id='word_1_8' title='bbox 512 242 610 292; x_wconf 80' lang='lat' dir='ltr'>vidusts</span> <span class='ocrx_word' id='word_1_9' title='bbox 620 243 719 307; x_wconf 87' lang='lat' dir='ltr'>pruinis,</span> 
     </span>
     <span class='ocr_line' id='line_1_3' title="bbox 133 308 763 374; baseline -0.008 -11"><span class='ocrx_word' id='word_1_10' title='bbox 133 314 269 366; x_wconf 77' lang='lat' dir='ltr'>Lustrsbut,</span> <span class='ocrx_word' id='word_1_11' title='bbox 280 316 373 374; x_wconf 79' lang='lat' dir='ltr'>ruptum</span> <span class='ocrx_word' id='word_1_12' title='bbox 385 309 523 374; x_wconf 77' lang='lat' dir='ltr'>Eurydicen</span> <span class='ocrx_word' id='word_1_13' title='bbox 534 316 605 373; x_wconf 74' lang='lat' dir='ltr'>etque</span> <span class='ocrx_word' id='word_1_14' title='bbox 616 309 688 357; x_wconf 73' lang='lat' dir='ltr'>inrita</span> <span class='ocrx_word' id='word_1_15' title='bbox 698 308 763 358; x_wconf 85' lang='lat' dir='ltr'>Ditis</span> 
     </span>
     <span class='ocr_line' id='line_1_4' title="bbox 134 374 812 442; baseline -0.009 -13"><span class='ocrx_word' id='word_1_16' title='bbox 134 380 207 429; x_wconf 75' lang='lat' dir='ltr'>Dona</span> <span class='ocrx_word' id='word_1_17' title='bbox 223 389 337 442; x_wconf 88' lang='lat' dir='ltr'>querens:</span> <span class='ocrx_word' id='word_1_18' title='bbox 354 383 439 440; x_wconf 86' lang='lat' dir='ltr'>spretse</span> <span class='ocrx_word' id='word_1_19' title='bbox 456 374 573 424; x_wconf 80' lang='lat' dir='ltr'>ciconum</span> <span class='ocrx_word' id='word_1_20' title='bbox 586 387 634 439; x_wconf 90' lang='lat' dir='ltr'>quo</span> <span class='ocrx_word' id='word_1_21' title='bbox 648 385 746 425; x_wconf 72' lang='lat' dir='ltr'>nonme</span> <span class='ocrx_word' id='word_1_22' title='bbox 761 389 812 423; x_wconf 83' lang='lat' dir='ltr'>me·</span> 
     </span>
     <span class='ocr_line' id='line_1_5' title="bbox 230 443 812 496; baseline 0.003 -6"><span class='ocrx_word' id='word_1_23' title='bbox 230 450 286 496; x_wconf 81' lang='lat' dir='ltr'>tres,</span> <span class='ocrx_word' id='word_1_24' title='bbox 762 443 812 492; x_wconf 77' lang='lat'>⁵2⁰</span> 
     </span>
    </p>

    <p class='ocr_par' dir='ltr' id='par_1_3' title="bbox 133 501 812 956">
     <span class='ocr_line' id='line_1_6' title="bbox 134 501 722 566; baseline -0.009 -9"><span class='ocrx_word' id='word_1_25' title='bbox 134 509 204 558; x_wconf 88' lang='lat' dir='ltr'>Inter</span> <span class='ocrx_word' id='word_1_26' title='bbox 214 521 281 555; x_wconf 75' lang='lat' dir='ltr'>secra</span> <span class='ocrx_word' id='word_1_27' title='bbox 291 503 370 553; x_wconf 73' lang='lat' dir='ltr'>Deum</span> <span class='ocrx_word' id='word_1_28' title='bbox 381 503 537 566; x_wconf 81' lang='lat' dir='ltr'><strong>nocturnique</strong></span> <span class='ocrx_word' id='word_1_29' title='bbox 548 501 614 565; x_wconf 76' lang='lat' dir='ltr'>orgia</span> <span class='ocrx_word' id='word_1_30' title='bbox 624 501 722 560; x_wconf 75' lang='lat' dir='ltr'>Bacchi,</span> 
     </span>
     <span class='ocr_line' id='line_1_7' title="bbox 134 570 733 637; baseline -0.01 -14"><span class='ocrx_word' id='word_1_31' title='bbox 134 575 288 636; x_wconf 76' lang='lat' dir='ltr'><strong>Discerptum</strong></span> <span class='ocrx_word' id='word_1_32' title='bbox 299 570 358 618; x_wconf 86' lang='lat' dir='ltr'>istos</span> <span class='ocrx_word' id='word_1_33' title='bbox 365 571 479 637; x_wconf 81' lang='lat' dir='ltr'>juvenem</span> <span class='ocrx_word' id='word_1_34' title='bbox 490 579 595 633; x_wconf 73' lang='lat' dir='ltr'>sparsere</span> <span class='ocrx_word' id='word_1_35' title='bbox 606 580 650 630; x_wconf 90' lang='lat' dir='ltr'>per</span> <span class='ocrx_word' id='word_1_36' title='bbox 660 581 733 632; x_wconf 81' lang='lat' dir='ltr'>egros.</span> 
     </span>
     <span class='ocr_line' id='line_1_8' title="bbox 133 632 783 701; baseline -0.003 -15"><span class='ocrx_word' id='word_1_37' title='bbox 133 639 195 687; x_wconf 87' lang='lat' dir='ltr'>Tum</span> <span class='ocrx_word' id='word_1_38' title='bbox 206 651 306 701; x_wconf 89' lang='lat' dir='ltr'>quoque,</span> <span class='ocrx_word' id='word_1_39' title='bbox 318 635 447 684; x_wconf 77' lang='lat' dir='ltr'>marmorei</span> <span class='ocrx_word' id='word_1_40' title='bbox 457 641 529 698; x_wconf 80' lang='lat' dir='ltr'>ouput</span> <span class='ocrx_word' id='word_1_41' title='bbox 540 649 554 680; x_wconf 80' lang='lat' dir='ltr'>u</span> <span class='ocrx_word' id='word_1_42' title='bbox 565 632 656 681; x_wconf 84' lang='lat' dir='ltr'>cervice</span> <span class='ocrx_word' id='word_1_43' title='bbox 667 635 783 684; x_wconf 82' lang='lat' dir='ltr'>revulsum</span> 
     </span>
     <span class='ocr_line' id='line_1_9' title="bbox 136 697 743 766; baseline -0.007 -14"><span class='ocrx_word' id='word_1_44' title='bbox 136 701 238 766; x_wconf 84' lang='lat' dir='ltr'>Gurgite</span> <span class='ocrx_word' id='word_1_45' title='bbox 249 707 322 766; x_wconf 82' lang='lat' dir='ltr'>quum</span> <span class='ocrx_word' id='word_1_46' title='bbox 333 701 412 749; x_wconf 89' lang='lat' dir='ltr'>medio</span> <span class='ocrx_word' id='word_1_47' title='bbox 421 707 517 766; x_wconf 78' lang='lat' dir='ltr'>portans</span> <span class='ocrx_word' id='word_1_48' title='bbox 528 697 636 760; x_wconf 80' lang='lat' dir='ltr'>OEugrius</span> <span class='ocrx_word' id='word_1_49' title='bbox 646 698 743 748; x_wconf 77' lang='lat' dir='ltr'>Hebrus</span> 
     </span>
     <span class='ocr_line' id='line_1_10' title="bbox 135 761 812 830; baseline -0.007 -13"><span class='ocrx_word' id='word_1_50' title='bbox 135 768 258 824; x_wconf 75' lang='lat' dir='ltr'>Volverer,</span> <span class='ocrx_word' id='word_1_51' title='bbox 267 766 405 830; x_wconf 78' lang='lat' dir='ltr'>Eurydicen</span> <span class='ocrx_word' id='word_1_52' title='bbox 412 781 459 814; x_wconf 80' lang='lat' dir='ltr'>vox</span> <span class='ocrx_word' id='word_1_53' title='bbox 467 765 519 828; x_wconf 83' lang='lat' dir='ltr'>ipss</span> <span class='ocrx_word' id='word_1_54' title='bbox 526 771 551 810; x_wconf 88' lang='lat' dir='ltr'>et</span> <span class='ocrx_word' id='word_1_55' title='bbox 560 761 648 825; x_wconf 83' lang='lat' dir='ltr'>frigide</span> <span class='ocrx_word' id='word_1_56' title='bbox 658 763 746 828; x_wconf 82' lang='lat' dir='ltr'>tingue,</span> <span class='ocrx_word' id='word_1_57' title='bbox 762 767 812 818; x_wconf 76' lang='lat'>525</span> 
     </span>
     <span class='ocr_line' id='line_1_11' title="bbox 135 826 796 896; baseline 0 -16"><span class='ocrx_word' id='word_1_58' title='bbox 135 831 175 880; x_wconf 82' lang='lat' dir='ltr'>Ah</span> <span class='ocrx_word' id='word_1_59' title='bbox 188 833 296 880; x_wconf 77' lang='lat' dir='ltr'>miserem</span> <span class='ocrx_word' id='word_1_60' title='bbox 308 830 458 896; x_wconf 73' lang='lat' dir='ltr'>Eurydicen!</span> <span class='ocrx_word' id='word_1_61' title='bbox 476 827 553 876; x_wconf 75' lang='lat' dir='ltr'>suine</span> <span class='ocrx_word' id='word_1_62' title='bbox 565 826 669 891; x_wconf 78' lang='lat' dir='ltr'>fugiente</span> <span class='ocrx_word' id='word_1_63' title='bbox 681 831 780 880; x_wconf 83' lang='lat' dir='ltr'>vocsbst</span> <span class='ocrx_word' id='word_1_64' title='bbox 787 849 796 894; x_wconf 91' lang='lat'>;</span> 
     </span>
     <span class='ocr_line' id='line_1_12' title="bbox 136 892 663 956; baseline -0.011 -10"><span class='ocrx_word' id='word_1_65' title='bbox 136 897 174 946; x_wconf 84' lang='lat' dir='ltr'>Eu</span> <span class='ocrx_word' id='word_1_66' title='bbox 205 897 274 946; x_wconf 88' lang='lat' dir='ltr'>dioeu</span> <span class='ocrx_word' id='word_1_67' title='bbox 285 903 335 944; x_wconf 89' lang='lat' dir='ltr'>toto</span> <span class='ocrx_word' id='word_1_68' title='bbox 346 895 480 944; x_wconf 72' lang='lat' dir='ltr'>referebant</span> <span class='ocrx_word' id='word_1_69' title='bbox 491 892 588 942; x_wconf 75' lang='lat' dir='ltr'>flumme</span> <span class='ocrx_word' id='word_1_70' title='bbox 597 893 663 956; x_wconf 80' lang='lat' dir='ltr'>ripe.</span> 
     </span>
    </p>

    <p class='ocr_par' dir='ltr' id='par_1_4' title="bbox 136 957 814 1170">
     <span class='ocr_line' id='line_1_13' title="bbox 195 957 813 1024; baseline -0.006 -12"><span class='ocrx_word' id='word_1_71' title='bbox 195 979 229 1012; x_wconf 80' lang='lat' dir='ltr'>aeo</span> <span class='ocrx_word' id='word_1_72' title='bbox 240 961 355 1022; x_wconf 85' lang='lat' dir='ltr'>Proteus;</span> <span class='ocrx_word' id='word_1_73' title='bbox 371 967 396 1009; x_wconf 85' lang='lat' dir='ltr'>et</span> <span class='ocrx_word' id='word_1_74' title='bbox 406 973 431 1008; x_wconf 88' lang='lat' dir='ltr'>se</span> <span class='ocrx_word' id='word_1_75' title='bbox 442 960 510 1024; x_wconf 80' lang='lat' dir='ltr'>jectu</span> <span class='ocrx_word' id='word_1_76' title='bbox 520 957 588 1006; x_wconf 79' lang='lat' dir='ltr'>dedit</span> <span class='ocrx_word' id='word_1_77' title='bbox 598 970 678 1022; x_wconf 76' lang='lat' dir='ltr'>equor</span> <span class='ocrx_word' id='word_1_78' title='bbox 688 958 713 1006; x_wconf 88' lang='lat' dir='ltr'>in</span> <span class='ocrx_word' id='word_1_79' title='bbox 724 960 813 1022; x_wconf 76' lang='lat' dir='ltr'>ritum3</span> 
     </span>
     <span class='ocr_line' id='line_1_14' title="bbox 136 1023 814 1092; baseline -0.001 -15"><span class='ocrx_word' id='word_1_80' title='bbox 136 1027 239 1092; x_wconf 71' lang='lat' dir='ltr'>Quique</span> <span class='ocrx_word' id='word_1_81' title='bbox 249 1027 324 1082; x_wconf 85' lang='lat' dir='ltr'>dedit,</span> <span class='ocrx_word' id='word_1_82' title='bbox 335 1032 483 1091; x_wconf 77' lang='lat' dir='ltr'>spumantem</span> <span class='ocrx_word' id='word_1_83' title='bbox 491 1024 581 1072; x_wconf 79' lang='lat' dir='ltr'>undem</span> <span class='ocrx_word' id='word_1_84' title='bbox 589 1023 633 1070; x_wconf 92' lang='lat' dir='ltr'>sub</span> <span class='ocrx_word' id='word_1_85' title='bbox 642 1025 730 1073; x_wconf 85' lang='lat' dir='ltr'>vertioe</span> <span class='ocrx_word' id='word_1_86' title='bbox 738 1025 814 1076; x_wconf 86' lang='lat' dir='ltr'>torsit.</span> 
     </span>
     <span class='ocr_line' id='line_1_15' title="bbox 137 1088 780 1170; baseline -0.005 -28"><span class='ocrx_word' id='word_1_87' title='bbox 137 1093 171 1142; x_wconf 79' lang='lat' dir='ltr'>As</span> <span class='ocrx_word' id='word_1_88' title='bbox 182 1108 231 1141; x_wconf 93' lang='lat' dir='ltr'>non</span> <span class='ocrx_word' id='word_1_89' title='bbox 242 1092 352 1170; x_wconf 64' lang='lat' dir='ltr'>Cyrene:</span> <span class='ocrx_word' id='word_1_90' title='bbox 368 1103 469 1154; x_wconf 81' lang='lat' dir='ltr'>nemque</span> <span class='ocrx_word' id='word_1_91' title='bbox 481 1089 543 1136; x_wconf 89' lang='lat' dir='ltr'>ultro</span> <span class='ocrx_word' id='word_1_92' title='bbox 552 1089 634 1136; x_wconf 78' lang='lat' dir='ltr'>sdssts</span> <span class='ocrx_word' id='word_1_93' title='bbox 643 1088 780 1139; x_wconf 82' lang='lat' dir='ltr'>titueutem:</span> 
     </span>
    </p>

    <p class='ocr_par' dir='ltr' id='par_1_5' title="bbox 135 1156 814 1684">
     <span class='ocr_line' id='line_1_16' title="bbox 170 1156 813 1218; baseline -0.008 -11"><span class='ocrx_word' id='word_1_94' title='bbox 170 1159 242 1214; x_wconf 80' lang='lat' dir='ltr'>Nate,</span> <span class='ocrx_word' id='word_1_95' title='bbox 253 1157 308 1206; x_wconf 84' lang='lat' dir='ltr'>hcet</span> <span class='ocrx_word' id='word_1_96' title='bbox 317 1156 395 1204; x_wconf 84' lang='lat' dir='ltr'>tristes</span> <span class='ocrx_word' id='word_1_97' title='bbox 405 1157 483 1203; x_wconf 78' lang='lat' dir='ltr'>animo</span> <span class='ocrx_word' id='word_1_98' title='bbox 494 1156 613 1218; x_wconf 82' lang='lat' dir='ltr'>deponere</span> <span class='ocrx_word' id='word_1_99' title='bbox 623 1167 699 1203; x_wconf 75' lang='lat' dir='ltr'>cures.</span> <span class='ocrx_word' id='word_1_100' title='bbox 764 1158 813 1208; x_wconf 81' lang='lat'>531</span> 
     </span>
     <span class='ocr_line' id='line_1_17' title="bbox 137 1219 814 1287; baseline -0.001 -16"><span class='ocrx_word' id='word_1_101' title='bbox 137 1221 197 1272; x_wconf 84' lang='lat' dir='ltr'>Hsec</span> <span class='ocrx_word' id='word_1_102' title='bbox 209 1221 285 1272; x_wconf 88' lang='lat' dir='ltr'>omnis</span> <span class='ocrx_word' id='word_1_103' title='bbox 295 1221 370 1270; x_wconf 85' lang='lat' dir='ltr'>morbi</span> <span class='ocrx_word' id='word_1_104' title='bbox 378 1235 472 1281; x_wconf 77' lang='lat' dir='ltr'>caussu3</span> <span class='ocrx_word' id='word_1_105' title='bbox 482 1219 538 1268; x_wconf 85' lang='lat' dir='ltr'>hino</span> <span class='ocrx_word' id='word_1_106' title='bbox 546 1219 678 1269; x_wconf 72' lang='lat' dir='ltr'>miserabile</span> <span class='ocrx_word' id='word_1_107' title='bbox 684 1219 814 1287; x_wconf 63' lang='lat' dir='ltr'>Nympho,</span> 
     </span>
     <span class='ocr_line' id='line_1_18' title="bbox 138 1285 732 1352; baseline -0.002 -16"><span class='ocrx_word' id='word_1_108' title='bbox 138 1287 200 1336; x_wconf 88' lang='lat' dir='ltr'>Cum</span> <span class='ocrx_word' id='word_1_109' title='bbox 211 1288 297 1352; x_wconf 92' lang='lat' dir='ltr'>quibus</span> <span class='ocrx_word' id='word_1_110' title='bbox 307 1287 348 1335; x_wconf 79' lang='lat' dir='ltr'>ille</span> <span class='ocrx_word' id='word_1_111' title='bbox 357 1288 441 1336; x_wconf 84' lang='lat' dir='ltr'>choros</span> <span class='ocrx_word' id='word_1_112' title='bbox 452 1285 510 1334; x_wconf 86' lang='lat' dir='ltr'>lueis</span> <span class='ocrx_word' id='word_1_113' title='bbox 521 1285 625 1350; x_wconf 76' lang='lat' dir='ltr'>egitubst</span> <span class='ocrx_word' id='word_1_114' title='bbox 635 1285 660 1334; x_wconf 90' lang='lat' dir='ltr'>in</span> <span class='ocrx_word' id='word_1_115' title='bbox 672 1286 732 1343; x_wconf 80' lang='lat' dir='ltr'>sitis,</span> 
     </span>
     <span class='ocr_line' id='line_1_19' title="bbox 138 1350 814 1416; baseline 0.003 -16"><span class='ocrx_word' id='word_1_116' title='bbox 138 1352 245 1401; x_wconf 84' lang='lat' dir='ltr'>Exitium</span> <span class='ocrx_word' id='word_1_117' title='bbox 255 1353 340 1400; x_wconf 83' lang='lat' dir='ltr'>misere</span> <span class='ocrx_word' id='word_1_118' title='bbox 351 1352 440 1416; x_wconf 85' lang='lat' dir='ltr'>epibus.</span> <span class='ocrx_word' id='word_1_119' title='bbox 468 1350 506 1399; x_wconf 87' lang='lat' dir='ltr'>Tu</span> <span class='ocrx_word' id='word_1_120' title='bbox 517 1363 616 1398; x_wconf 77' lang='lat' dir='ltr'>munere</span> <span class='ocrx_word' id='word_1_121' title='bbox 626 1351 726 1415; x_wconf 78' lang='lat' dir='ltr'>supplex</span> <span class='ocrx_word' id='word_1_122' title='bbox 764 1353 814 1402; x_wconf 76' lang='lat'>⁵34</span> 
     </span>
     <span class='ocr_line' id='line_1_20' title="bbox 135 1413 797 1480; baseline -0.003 -16"><span class='ocrx_word' id='word_1_123' title='bbox 135 1413 220 1465; x_wconf 82' lang='lat' dir='ltr'>&#39;sende</span> <span class='ocrx_word' id='word_1_124' title='bbox 231 1423 316 1480; x_wconf 87' lang='lat' dir='ltr'>petens</span> <span class='ocrx_word' id='word_1_125' title='bbox 326 1431 417 1479; x_wconf 76' lang='lat' dir='ltr'>pacem,</span> <span class='ocrx_word' id='word_1_126' title='bbox 427 1423 452 1463; x_wconf 86' lang='lat' dir='ltr'>et</span> <span class='ocrx_word' id='word_1_127' title='bbox 462 1415 543 1463; x_wconf 83' lang='lat' dir='ltr'>iueiies</span> <span class='ocrx_word' id='word_1_128' title='bbox 554 1429 668 1462; x_wconf 84' lang='lat' dir='ltr'>venerere</span> <span class='ocrx_word' id='word_1_129' title='bbox 679 1416 704 1464; x_wconf 88' lang='lat' dir='ltr'>N</span> <span class='ocrx_word' id='word_1_130' title='bbox 706 1431 797 1480; x_wconf 78' lang='lat' dir='ltr'>upaeus:</span> 
     </span>
     <span class='ocr_line' id='line_1_21' title="bbox 136 1478 772 1544; baseline -0.002 -15"><span class='ocrx_word' id='word_1_131' title='bbox 136 1481 247 1544; x_wconf 84' lang='lat' dir='ltr'>Namque</span> <span class='ocrx_word' id='word_1_132' title='bbox 258 1478 349 1527; x_wconf 78' lang='lat' dir='ltr'>dubunt</span> <span class='ocrx_word' id='word_1_133' title='bbox 359 1479 453 1526; x_wconf 77' lang='lat' dir='ltr'>veniam</span> <span class='ocrx_word' id='word_1_134' title='bbox 462 1479 531 1533; x_wconf 83' lang='lat' dir='ltr'>votis,</span> <span class='ocrx_word' id='word_1_135' title='bbox 541 1479 634 1542; x_wconf 73' lang='lat' dir='ltr'>irasque</span> <span class='ocrx_word' id='word_1_136' title='bbox 644 1480 772 1528; x_wconf 81' lang='lat' dir='ltr'>remittent.</span> 
     </span>
     <span class='ocr_line' id='line_1_22' title="bbox 137 1541 746 1606; baseline 0 -14"><span class='ocrx_word' id='word_1_137' title='bbox 137 1543 192 1600; x_wconf 85' lang='lat' dir='ltr'>Sed,</span> <span class='ocrx_word' id='word_1_138' title='bbox 204 1545 287 1592; x_wconf 89' lang='lat' dir='ltr'>modus</span> <span class='ocrx_word' id='word_1_139' title='bbox 297 1543 381 1590; x_wconf 80' lang='lat' dir='ltr'>orendi</span> <span class='ocrx_word' id='word_1_140' title='bbox 391 1543 432 1606; x_wconf 85' lang='lat' dir='ltr'>qui</span> <span class='ocrx_word' id='word_1_141' title='bbox 443 1543 479 1593; x_wconf 86' lang='lat' dir='ltr'>sit,</span> <span class='ocrx_word' id='word_1_142' title='bbox 492 1543 558 1605; x_wconf 90' lang='lat' dir='ltr'>prius</span> <span class='ocrx_word' id='word_1_143' title='bbox 567 1541 651 1590; x_wconf 87' lang='lat' dir='ltr'>ordine</span> <span class='ocrx_word' id='word_1_144' title='bbox 661 1542 746 1592; x_wconf 83' lang='lat' dir='ltr'>diosus.</span> 
     </span>
     <span class='ocr_line' id='line_1_23' title="bbox 136 1605 690 1684; baseline -0.007 -28"><span class='ocrx_word' id='word_1_145' title='bbox 136 1609 245 1666; x_wconf 80' lang='lat' dir='ltr'>Quutuor</span> <span class='ocrx_word' id='word_1_146' title='bbox 255 1607 352 1656; x_wconf 83' lang='lat' dir='ltr'>eximios</span> <span class='ocrx_word' id='word_1_147' title='bbox 363 1605 485 1684; x_wconf 70' lang='lat' dir='ltr'>prestanti</span> <span class='ocrx_word' id='word_1_148' title='bbox 494 1621 592 1669; x_wconf 82' lang='lat' dir='ltr'>corpure</span> <span class='ocrx_word' id='word_1_149' title='bbox 602 1611 690 1662; x_wconf 86' lang='lat' dir='ltr'>tsuros,</span> 
     </span>
    </p>

    <p class='ocr_par' dir='ltr' id='par_1_6' title="bbox 137 1671 815 1998">
     <span class='ocr_line' id='line_1_24' title="bbox 137 1671 763 1736; baseline 0 -15"><span class='ocrx_word' id='word_1_150' title='bbox 137 1673 186 1729; x_wconf 87' lang='lat' dir='ltr'>Qui</span> <span class='ocrx_word' id='word_1_151' title='bbox 196 1673 240 1721; x_wconf 90' lang='lat' dir='ltr'>tibi</span> <span class='ocrx_word' id='word_1_152' title='bbox 250 1687 315 1720; x_wconf 86' lang='lat' dir='ltr'>nune</span> <span class='ocrx_word' id='word_1_153' title='bbox 325 1671 407 1719; x_wconf 82' lang='lat' dir='ltr'>vindis</span> <span class='ocrx_word' id='word_1_154' title='bbox 417 1672 549 1734; x_wconf 69' lang='lat' dir='ltr'>deposcunt</span> <span class='ocrx_word' id='word_1_155' title='bbox 560 1685 650 1718; x_wconf 80' lang='lat' dir='ltr'>summe</span> <span class='ocrx_word' id='word_1_156' title='bbox 660 1671 763 1736; x_wconf 55' lang='lat' dir='ltr'>Lycei„</span> 
     </span>
     <span class='ocr_line' id='line_1_25' title="bbox 138 1735 815 1802; baseline 0.001 -15"><span class='ocrx_word' id='word_1_157' title='bbox 138 1739 233 1802; x_wconf 84' lang='lat' dir='ltr'>Delige,</span> <span class='ocrx_word' id='word_1_158' title='bbox 244 1745 268 1786; x_wconf 88' lang='lat' dir='ltr'>et</span> <span class='ocrx_word' id='word_1_159' title='bbox 279 1737 368 1786; x_wconf 76' lang='lat' dir='ltr'>intecti</span> <span class='ocrx_word' id='word_1_160' title='bbox 378 1736 477 1785; x_wconf 83' lang='lat' dir='ltr'>totidem</span> <span class='ocrx_word' id='word_1_161' title='bbox 487 1736 580 1784; x_wconf 82' lang='lat' dir='ltr'>eerviee</span> <span class='ocrx_word' id='word_1_162' title='bbox 587 1735 710 1801; x_wconf 77' lang='lat' dir='ltr'>juvencus</span> <span class='ocrx_word' id='word_1_163' title='bbox 764 1737 815 1788; x_wconf 73' lang='grc'>540</span> 
     </span>
     <span class='ocr_line' id='line_1_26' title="bbox 137 1800 674 1861; baseline -0.007 -10"><span class='ocrx_word' id='word_1_164' title='bbox 137 1803 246 1861; x_wconf 82' lang='lat' dir='ltr'>Quutuor</span> <span class='ocrx_word' id='word_1_165' title='bbox 257 1803 293 1852; x_wconf 86' lang='lat' dir='ltr'>his</span> <span class='ocrx_word' id='word_1_166' title='bbox 304 1816 356 1852; x_wconf 80' lang='lat' dir='ltr'>erus</span> <span class='ocrx_word' id='word_1_167' title='bbox 367 1802 415 1850; x_wconf 77' lang='lat' dir='ltr'>eltis</span> <span class='ocrx_word' id='word_1_168' title='bbox 425 1801 456 1850; x_wconf 83' lang='lat' dir='ltr'>ed</span> <span class='ocrx_word' id='word_1_169' title='bbox 466 1800 567 1849; x_wconf 70' lang='lat' dir='ltr'>delubra</span> <span class='ocrx_word' id='word_1_170' title='bbox 576 1801 674 1848; x_wconf 73' lang='lat' dir='ltr'>dearum</span> 
     </span>
     <span class='ocr_line' id='line_1_27' title="bbox 137 1865 738 1933; baseline -0.003 -17"><span class='ocrx_word' id='word_1_171' title='bbox 137 1865 269 1925; x_wconf 81' lang='lat' dir='ltr'>Constitue,</span> <span class='ocrx_word' id='word_1_172' title='bbox 280 1875 305 1918; x_wconf 87' lang='lat' dir='ltr'>et</span> <span class='ocrx_word' id='word_1_173' title='bbox 315 1883 407 1917; x_wconf 79' lang='lat' dir='ltr'>suerum</span> <span class='ocrx_word' id='word_1_174' title='bbox 415 1865 505 1933; x_wconf 82' lang='lat' dir='ltr'>jugulis</span> <span class='ocrx_word' id='word_1_175' title='bbox 515 1865 613 1914; x_wconf 86' lang='lat' dir='ltr'>demitte</span> <span class='ocrx_word' id='word_1_176' title='bbox 623 1879 738 1922; x_wconf 86' lang='lat' dir='ltr'>eruorem,</span> 
     </span>
     <span class='ocr_line' id='line_1_28' title="bbox 138 1929 722 1998; baseline 0.002 -18"><span class='ocrx_word' id='word_1_177' title='bbox 138 1932 292 1998; x_wconf 78' lang='lat' dir='ltr'>corporeque</span> <span class='ocrx_word' id='word_1_178' title='bbox 302 1933 354 1997; x_wconf 82' lang='lat' dir='ltr'>ipsu</span> <span class='ocrx_word' id='word_1_179' title='bbox 364 1935 435 1981; x_wconf 62' lang='lat' dir='ltr'>mum</span> <span class='ocrx_word' id='word_1_180' title='bbox 446 1931 558 1980; x_wconf 83' lang='lat' dir='ltr'>frondoso</span> <span class='ocrx_word' id='word_1_181' title='bbox 567 1930 650 1979; x_wconf 86' lang='lat' dir='ltr'>desere</span> <span class='ocrx_word' id='word_1_182' title='bbox 661 1929 722 1980; x_wconf 86' lang='lat' dir='ltr'>luco.</span> 
     </span>
    </p>

    <p class='ocr_par' dir='ltr' id='par_1_7' title="bbox 137 1996 815 2192">
     <span class='ocr_line' id='line_1_29' title="bbox 137 1996 719 2054; baseline 0.003 -10"><span class='ocrx_word' id='word_1_183' title='bbox 137 1996 202 2054; x_wconf 88' lang='lat' dir='ltr'>Post,</span> <span class='ocrx_word' id='word_1_184' title='bbox 213 1999 254 2046; x_wconf 85' lang='lat' dir='ltr'>ubi</span> <span class='ocrx_word' id='word_1_185' title='bbox 265 2011 329 2046; x_wconf 86' lang='lat' dir='ltr'>nous</span> <span class='ocrx_word' id='word_1_186' title='bbox 339 2005 394 2046; x_wconf 89' lang='lat' dir='ltr'>s&#39;uos</span> <span class='ocrx_word' id='word_1_187' title='bbox 403 1998 498 2046; x_wconf 84' lang='lat' dir='ltr'>Aurors</span> <span class='ocrx_word' id='word_1_188' title='bbox 507 1997 636 2045; x_wconf 84' lang='lat' dir='ltr'>ostenderit</span> <span class='ocrx_word' id='word_1_189' title='bbox 645 2003 719 2054; x_wconf 88' lang='lat' dir='ltr'>ortus,</span> 
     </span>
     <span class='ocr_line' id='line_1_30' title="bbox 137 2061 815 2126; baseline 0.004 -16"><span class='ocrx_word' id='word_1_190' title='bbox 137 2061 240 2111; x_wconf 77' lang='lat' dir='ltr'>Inferias</span> <span class='ocrx_word' id='word_1_191' title='bbox 251 2064 288 2112; x_wconf 88' lang='lat' dir='ltr'>Or</span> <span class='ocrx_word' id='word_1_192' title='bbox 304 2063 344 2111; x_wconf 89' lang='lat' dir='ltr'>hei</span> <span class='ocrx_word' id='word_1_193' title='bbox 355 2064 453 2112; x_wconf 76' lang='lat' dir='ltr'>Lethes</span> <span class='ocrx_word' id='word_1_194' title='bbox 464 2076 584 2126; x_wconf 77' lang='lat' dir='ltr'>peperere</span> <span class='ocrx_word' id='word_1_195' title='bbox 594 2061 681 2118; x_wconf 86' lang='lat' dir='ltr'>mittes,</span> <span class='ocrx_word' id='word_1_196' title='bbox 766 2063 815 2113; x_wconf 79' lang='lat'>545</span> 
     </span>
     <span class='ocr_line' id='line_1_31' title="bbox 137 2125 729 2192; baseline 0.002 -18"><span class='ocrx_word' id='word_1_197' title='bbox 137 2125 259 2176; x_wconf 81' lang='lat' dir='ltr'>Pleeutem</span> <span class='ocrx_word' id='word_1_198' title='bbox 295 2127 409 2192; x_wconf 85' lang='lat' dir='ltr'>urydicen</span> <span class='ocrx_word' id='word_1_199' title='bbox 419 2127 494 2175; x_wconf 80' lang='lat' dir='ltr'>vituli</span> <span class='ocrx_word' id='word_1_200' title='bbox 504 2127 649 2176; x_wconf 72' lang='lat' dir='ltr'>venerabere</span> <span class='ocrx_word' id='word_1_201' title='bbox 660 2127 729 2183; x_wconf 83' lang='lat' dir='ltr'>cresi,</span> 
     </span>
    </p>

    <p class='ocr_par' dir='ltr' id='par_1_8' title="bbox 138 2192 723 2259">
     <span class='ocr_line' id='line_1_32' title="bbox 138 2192 723 2259; baseline 0 -19"><span class='ocrx_word' id='word_1_202' title='bbox 138 2192 172 2240; x_wconf 88' lang='lat' dir='ltr'>Et</span> <span class='ocrx_word' id='word_1_203' title='bbox 182 2193 273 2257; x_wconf 80' lang='lat' dir='ltr'>nigram</span> <span class='ocrx_word' id='word_1_204' title='bbox 285 2193 398 2241; x_wconf 73' lang='lat' dir='ltr'>mactabis</span> <span class='ocrx_word' id='word_1_205' title='bbox 408 2207 485 2247; x_wconf 82' lang='lat' dir='ltr'>ovem,</span> <span class='ocrx_word' id='word_1_206' title='bbox 495 2193 621 2259; x_wconf 84' lang='lat' dir='ltr'>lucumque</span> <span class='ocrx_word' id='word_1_207' title='bbox 630 2192 723 2241; x_wconf 84' lang='lat' dir='ltr'>revises.</span> 
     </span>
    </p>

    <p class='ocr_par' dir='ltr' id='par_1_9' title="bbox 138 2256 816 2520">
     <span class='ocr_line' id='line_1_33' title="bbox 171 2256 795 2324; baseline -0.006 -17"><span class='ocrx_word' id='word_1_208' title='bbox 171 2258 244 2307; x_wconf 83' lang='lat' dir='ltr'>Haud</span> <span class='ocrx_word' id='word_1_209' title='bbox 256 2271 334 2306; x_wconf 82' lang='lat' dir='ltr'>mora:</span> <span class='ocrx_word' id='word_1_210' title='bbox 351 2258 463 2306; x_wconf 86' lang='lat' dir='ltr'>contiuuo</span> <span class='ocrx_word' id='word_1_211' title='bbox 474 2259 555 2307; x_wconf 81' lang='lat' dir='ltr'>matris</span> <span class='ocrx_word' id='word_1_212' title='bbox 565 2264 684 2324; x_wconf 73' lang='lat' dir='ltr'>precepta</span> <span class='ocrx_word' id='word_1_213' title='bbox 695 2256 795 2306; x_wconf 82' lang='lat' dir='ltr'>secessit.</span> 
     </span>
     <span class='ocr_line' id='line_1_34' title="bbox 138 2322 711 2385; baseline 0 -14"><span class='ocrx_word' id='word_1_214' title='bbox 138 2322 179 2372; x_wconf 83' lang='lat' dir='ltr'>Ad</span> <span class='ocrx_word' id='word_1_215' title='bbox 190 2324 290 2374; x_wconf 76' lang='lat' dir='ltr'>delubris</span> <span class='ocrx_word' id='word_1_216' title='bbox 300 2324 380 2384; x_wconf 80' lang='lat' dir='ltr'>venit3</span> <span class='ocrx_word' id='word_1_217' title='bbox 396 2329 535 2371; x_wconf 79' lang='lat' dir='ltr'>monstretur</span> <span class='ocrx_word' id='word_1_218' title='bbox 546 2325 634 2372; x_wconf 83' lang='lat' dir='ltr'>excitet</span> <span class='ocrx_word' id='word_1_219' title='bbox 644 2337 711 2385; x_wconf 80' lang='lat' dir='ltr'>erss3</span> 
     </span>
     <span class='ocr_line' id='line_1_35' title="bbox 139 2379 816 2453; baseline -0.006 -17"><span class='ocrx_word' id='word_1_220' title='bbox 139 2390 247 2447; x_wconf 81' lang='lat' dir='ltr'>Quetuor</span> <span class='ocrx_word' id='word_1_221' title='bbox 257 2386 354 2438; x_wconf 85' lang='lat' dir='ltr'>eximios</span> <span class='ocrx_word' id='word_1_222' title='bbox 365 2387 486 2452; x_wconf 76' lang='lat' dir='ltr'>prestanti</span> <span class='ocrx_word' id='word_1_223' title='bbox 497 2402 596 2453; x_wconf 87' lang='lat' dir='ltr'>corpore</span> <span class='ocrx_word' id='word_1_224' title='bbox 606 2397 685 2437; x_wconf 85' lang='lat' dir='ltr'>tsuros</span> <span class='ocrx_word' id='word_1_225' title='bbox 768 2379 816 2438; x_wconf 73' lang='grc'>550</span> 
     </span>
     <span class='ocr_line' id='line_1_36' title="bbox 138 2453 699 2520; baseline -0.002 -18"><span class='ocrx_word' id='word_1_226' title='bbox 138 2455 222 2513; x_wconf 83' lang='lat' dir='ltr'>Ducit,</span> <span class='ocrx_word' id='word_1_227' title='bbox 233 2463 257 2505; x_wconf 88' lang='lat' dir='ltr'>et</span> <span class='ocrx_word' id='word_1_228' title='bbox 267 2454 357 2504; x_wconf 78' lang='lat' dir='ltr'>intueti</span> <span class='ocrx_word' id='word_1_229' title='bbox 367 2454 466 2502; x_wconf 88' lang='lat' dir='ltr'>totidem</span> <span class='ocrx_word' id='word_1_230' title='bbox 477 2453 569 2502; x_wconf 86' lang='lat' dir='ltr'>cervice</span> <span class='ocrx_word' id='word_1_231' title='bbox 576 2454 699 2520; x_wconf 77' lang='lat' dir='ltr'>jurenses.</span> 
     </span>
    </p>

    <p class='ocr_par' dir='ltr' id='par_1_10' title="bbox 139 2516 743 2702">
     <span class='ocr_line' id='line_1_37' title="bbox 139 2516 721 2577; baseline 0 -11"><span class='ocrx_word' id='word_1_232' title='bbox 139 2516 204 2577; x_wconf 84' lang='lat' dir='ltr'>Post,</span> <span class='ocrx_word' id='word_1_233' title='bbox 216 2521 257 2570; x_wconf 90' lang='lat' dir='ltr'>ubi</span> <span class='ocrx_word' id='word_1_234' title='bbox 269 2535 333 2570; x_wconf 75' lang='lat' dir='ltr'>none</span> <span class='ocrx_word' id='word_1_235' title='bbox 342 2533 396 2568; x_wconf 88' lang='lat' dir='ltr'>suos</span> <span class='ocrx_word' id='word_1_236' title='bbox 407 2518 501 2574; x_wconf 74' lang='lat' dir='ltr'>Aurora</span> <span class='ocrx_word' id='word_1_237' title='bbox 510 2518 638 2569; x_wconf 73' lang='lat' dir='ltr'>induxerat</span> <span class='ocrx_word' id='word_1_238' title='bbox 648 2526 721 2575; x_wconf 87' lang='lat' dir='ltr'>ortus,</span> 
     </span>
     <span class='ocr_line' id='line_1_38' title="bbox 140 2583 670 2652; baseline 0 -21"><span class='ocrx_word' id='word_1_239' title='bbox 140 2583 243 2634; x_wconf 77' lang='lat' dir='ltr'>inferius</span> <span class='ocrx_word' id='word_1_240' title='bbox 254 2585 346 2652; x_wconf 88' lang='lat' dir='ltr'>Orphei</span> <span class='ocrx_word' id='word_1_241' title='bbox 357 2585 435 2639; x_wconf 87' lang='lat' dir='ltr'>mittit,</span> <span class='ocrx_word' id='word_1_242' title='bbox 447 2585 573 2651; x_wconf 84' lang='lat' dir='ltr'>iusumque</span> <span class='ocrx_word' id='word_1_243' title='bbox 584 2583 670 2635; x_wconf 80' lang='lat' dir='ltr'>revisit</span> 
     </span>
     <span class='ocr_line' id='line_1_39' title="bbox 140 2648 743 2702; baseline 0.008 -5"><span class='ocrx_word' id='word_1_244' title='bbox 140 2648 188 2699; x_wconf 81' lang='lat' dir='ltr'>Hic</span> <span class='ocrx_word' id='word_1_245' title='bbox 198 2667 255 2701; x_wconf 84' lang='lat' dir='ltr'>vero</span> <span class='ocrx_word' id='word_1_246' title='bbox 265 2653 369 2702; x_wconf 84' lang='lat' dir='ltr'>subitum</span> <span class='ocrx_word' id='word_1_247' title='bbox 380 2667 408 2701; x_wconf 82' lang='lat' dir='ltr'>sc</span> <span class='ocrx_word' id='word_1_248' title='bbox 418 2650 485 2700; x_wconf 83' lang='lat' dir='ltr'>dictu</span> <span class='ocrx_word' id='word_1_249' title='bbox 495 2651 603 2702; x_wconf 82' lang='lat' dir='ltr'>nirsbile</span> <span class='ocrx_word' id='word_1_250' title='bbox 612 2657 743 2702; x_wconf 84' lang='lat' dir='ltr'>monstrum</span> 
     </span>
    </p>
   </div>
   <div class='ocr_carea' id='block_1_3' title="bbox 0 0 964 2934">
    <p class='ocr_par' dir='ltr' id='par_1_11' title="bbox 0 0 964 2934">
     <span class='ocr_line' id='line_1_40' title="bbox 0 0 964 2934; baseline 0 0"><span class='ocrx_word' id='word_1_251' title='bbox 0 0 964 2934; x_wconf 95' lang='lat' dir='ltr'> </span> 
     </span>
    </p>
   </div>
  </div>
 </body>
</html>
