<?xml version="1.0" encoding="UTF-8"?>
<!DOCTYPE html PUBLIC "-//W3C//DTD XHTML 1.0 Transitional//EN"
    "http://www.w3.org/TR/xhtml1/DTD/xhtml1-transitional.dtd">
<html xmlns="http://www.w3.org/1999/xhtml" xml:lang="en" lang="en">
 <head>
  <title>
</title>
<meta http-equiv="Content-Type" content="text/html;charset=utf-8" />
  <meta name='ocr-system' content='tesseract 3.04.00' />
  <meta name='ocr-capabilities' content='ocr_page ocr_carea ocr_par ocr_line ocrx_word'/>
</head>
<body>
  <div class='ocr_page' id='page_1' title='image "./opera00heyngoog/opera00heyngoog_0094.png"; bbox 0 0 1878 2930; ppageno 0'>
   <div class='ocr_carea' id='block_1_1' title="bbox 300 104 806 160">
    <p class='ocr_par' dir='ltr' id='par_1_1' title="bbox 300 104 806 160">
     <span class='ocr_line' id='line_1_1' title="bbox 300 104 806 160; baseline 0.008 -4"><span class='ocrx_word' id='word_1_1' title='bbox 300 104 508 158; x_wconf 79' lang='lat' dir='ltr'><strong>GEORGICON</strong></span> <span class='ocrx_word' id='word_1_2' title='bbox 525 107 582 158; x_wconf 82' lang='lat' dir='ltr'><strong>Lm.</strong></span> <span class='ocrx_word' id='word_1_3' title='bbox 592 107 640 158; x_wconf 91' lang='lat' dir='ltr'><strong>IV.</strong></span> <span class='ocrx_word' id='word_1_4' title='bbox 776 115 806 160; x_wconf 80' lang='grc'><strong>81</strong></span> 
     </span>
    </p>
   </div>
   <div class='ocr_carea' id='block_1_2' title="bbox 87 229 806 1007">
    <p class='ocr_par' dir='ltr' id='par_1_2' title="bbox 120 229 806 292">
     <span class='ocr_line' id='line_1_2' title="bbox 120 229 806 292; baseline 0.003 -12"><span class='ocrx_word' id='word_1_5' title='bbox 120 229 256 280; x_wconf 71' lang='lat' dir='ltr'><strong>Instabiles</strong></span> <span class='ocrx_word' id='word_1_6' title='bbox 267 229 355 278; x_wconf 82' lang='lat' dir='ltr'><strong>animos</strong></span> <span class='ocrx_word' id='word_1_7' title='bbox 366 229 422 277; x_wconf 91' lang='lat' dir='ltr'><strong>ludo</strong></span> <span class='ocrx_word' id='word_1_8' title='bbox 433 229 566 292; x_wconf 71' lang='lat' dir='ltr'>prohibebis</span> <span class='ocrx_word' id='word_1_9' title='bbox 576 230 650 280; x_wconf 84' lang='lat' dir='ltr'><strong>inani.</strong></span> <span class='ocrx_word' id='word_1_10' title='bbox 759 235 806 284; x_wconf 85' lang='lat'><strong>105</strong></span> 
     </span>
    </p>

    <p class='ocr_par' dir='ltr' id='par_1_3' title="bbox 120 294 743 360">
     <span class='ocr_line' id='line_1_3' title="bbox 120 294 743 360; baseline -0.003 -16"><span class='ocrx_word' id='word_1_11' title='bbox 120 296 151 344; x_wconf 88' lang='lat' dir='ltr'><strong>N</strong></span> <span class='ocrx_word' id='word_1_12' title='bbox 153 310 182 344; x_wconf 90' lang='lat' dir='ltr'><strong>ec</strong></span> <span class='ocrx_word' id='word_1_13' title='bbox 194 310 296 358; x_wconf 88' lang='lat' dir='ltr'><strong>magnus</strong></span> <span class='ocrx_word' id='word_1_14' title='bbox 305 294 429 358; x_wconf 87' lang='lat' dir='ltr'><strong>prohibere</strong></span> <span class='ocrx_word' id='word_1_15' title='bbox 440 294 512 341; x_wconf 87' lang='lat' dir='ltr'><strong>labor.</strong></span> <span class='ocrx_word' id='word_1_16' title='bbox 540 295 577 343; x_wconf 85' lang='lat' dir='ltr'><strong>Tu</strong></span> <span class='ocrx_word' id='word_1_17' title='bbox 587 295 683 360; x_wconf 86' lang='lat' dir='ltr'><strong>regibus</strong></span> <span class='ocrx_word' id='word_1_18' title='bbox 695 295 743 342; x_wconf 88' lang='lat' dir='ltr'><strong>alas</strong></span> 
     </span>
    </p>

    <p class='ocr_par' dir='ltr' id='par_1_4' title="bbox 122 359 743 424">
     <span class='ocr_line' id='line_1_4' title="bbox 122 359 743 424; baseline 0.006 -16"><span class='ocrx_word' id='word_1_19' title='bbox 122 359 212 424; x_wconf 84' lang='lat' dir='ltr'>Eripe.</span> <span class='ocrx_word' id='word_1_20' title='bbox 241 359 266 408; x_wconf 91' lang='lat' dir='ltr'><strong>N</strong></span> <span class='ocrx_word' id='word_1_21' title='bbox 267 375 299 408; x_wconf 91' lang='lat' dir='ltr'><strong>on</strong></span> <span class='ocrx_word' id='word_1_22' title='bbox 308 359 353 408; x_wconf 89' lang='lat' dir='ltr'><strong>illis</strong></span> <span class='ocrx_word' id='word_1_23' title='bbox 362 359 484 422; x_wconf 85' lang='lat' dir='ltr'><strong>quisquam</strong></span> <span class='ocrx_word' id='word_1_24' title='bbox 495 361 658 410; x_wconf 72' lang='lat' dir='ltr'><strong>cunonntibus</strong></span> <span class='ocrx_word' id='word_1_25' title='bbox 669 360 743 412; x_wconf 84' lang='lat' dir='ltr'><strong>altum</strong></span> 
     </span>
    </p>

    <p class='ocr_par' dir='ltr' id='par_1_5' title="bbox 122 423 662 489">
     <span class='ocr_line' id='line_1_5' title="bbox 122 423 662 489; baseline 0.006 -17"><span class='ocrx_word' id='word_1_26' title='bbox 122 424 169 476; x_wconf 85' lang='lat' dir='ltr'><strong>Ire</strong></span> <span class='ocrx_word' id='word_1_27' title='bbox 179 425 235 479; x_wconf 82' lang='lat' dir='ltr'><strong>iter.</strong></span> <span class='ocrx_word' id='word_1_28' title='bbox 244 431 284 472; x_wconf 90' lang='lat' dir='ltr'><strong>sut</strong></span> <span class='ocrx_word' id='word_1_29' title='bbox 295 424 376 472; x_wconf 89' lang='lat' dir='ltr'><strong>castris</strong></span> <span class='ocrx_word' id='word_1_30' title='bbox 386 424 483 471; x_wconf 78' lang='lat' dir='ltr'>audebit</span> <span class='ocrx_word' id='word_1_31' title='bbox 493 423 578 474; x_wconf 86' lang='lat' dir='ltr'><strong>vellere</strong></span> <span class='ocrx_word' id='word_1_32' title='bbox 589 425 662 489; x_wconf 87' lang='lat' dir='ltr'><strong>signa.</strong></span> 
     </span>
    </p>

    <p class='ocr_par' dir='ltr' id='par_1_6' title="bbox 122 486 634 546">
     <span class='ocr_line' id='line_1_6' title="bbox 122 486 634 546; baseline 0.006 -11"><span class='ocrx_word' id='word_1_33' title='bbox 122 486 238 536; x_wconf 80' lang='lat' dir='ltr'><strong>Invitent</strong></span> <span class='ocrx_word' id='word_1_34' title='bbox 245 489 332 537; x_wconf 89' lang='lat' dir='ltr'><strong>croceis</strong></span> <span class='ocrx_word' id='word_1_35' title='bbox 343 488 449 536; x_wconf 73' lang='lat' dir='ltr'><strong>halantes</strong></span> <span class='ocrx_word' id='word_1_36' title='bbox 459 487 554 536; x_wconf 86' lang='lat' dir='ltr'><strong>floribus</strong></span> <span class='ocrx_word' id='word_1_37' title='bbox 565 489 634 546; x_wconf 87' lang='lat' dir='ltr'><strong>horti,</strong></span> 
     </span>
    </p>

    <p class='ocr_par' dir='ltr' id='par_1_7' title="bbox 123 553 804 682">
     <span class='ocr_line' id='line_1_7' title="bbox 123 553 747 620; baseline 0.003 -18"><span class='ocrx_word' id='word_1_38' title='bbox 123 553 161 602; x_wconf 81' lang='lat' dir='ltr'><strong>Et</strong></span> <span class='ocrx_word' id='word_1_39' title='bbox 172 561 252 602; x_wconf 90' lang='lat' dir='ltr'><strong>custos</strong></span> <span class='ocrx_word' id='word_1_40' title='bbox 262 555 341 602; x_wconf 86' lang='lat' dir='ltr'><strong>furum</strong></span> <span class='ocrx_word' id='word_1_41' title='bbox 352 561 421 618; x_wconf 85' lang='lat' dir='ltr'><strong>atque</strong></span> <span class='ocrx_word' id='word_1_42' title='bbox 433 553 511 600; x_wconf 86' lang='lat' dir='ltr'><strong>avium</strong></span> <span class='ocrx_word' id='word_1_43' title='bbox 522 568 576 600; x_wconf 87' lang='lat' dir='ltr'><strong>cum</strong></span> <span class='ocrx_word' id='word_1_44' title='bbox 587 554 647 604; x_wconf 81' lang='lat' dir='ltr'><strong>falce</strong></span> <span class='ocrx_word' id='word_1_45' title='bbox 657 555 747 620; x_wconf 73' lang='lat' dir='ltr'><strong>saligni</strong></span> 
     </span>
     <span class='ocr_line' id='line_1_8' title="bbox 124 615 804 682; baseline 0.004 -16"><span class='ocrx_word' id='word_1_46' title='bbox 124 616 316 682; x_wconf 85' lang='lat' dir='ltr'><strong>Hellespontiaci</strong></span> <span class='ocrx_word' id='word_1_47' title='bbox 326 627 402 667; x_wconf 85' lang='lat' dir='ltr'><strong>servet</strong></span> <span class='ocrx_word' id='word_1_48' title='bbox 411 617 486 666; x_wconf 86' lang='lat' dir='ltr'><strong>tutela</strong></span> <span class='ocrx_word' id='word_1_49' title='bbox 497 615 585 682; x_wconf 79' lang='lat' dir='ltr'><strong>Priapi.</strong></span> <span class='ocrx_word' id='word_1_50' title='bbox 759 626 804 669; x_wconf 86' lang='lat'><strong>111</strong></span> 
     </span>
    </p>

    <p class='ocr_par' dir='ltr' id='par_1_8' title="bbox 87 671 748 809">
     <span class='ocr_line' id='line_1_9' title="bbox 87 671 748 748; baseline 0.003 -16"><span class='ocrx_word' id='word_1_51' title='bbox 87 671 94 690; x_wconf 85' lang='grc'><strong>’</strong></span> <span class='ocrx_word' id='word_1_52' title='bbox 121 681 141 732; x_wconf 90' lang='lat'>1</span> <span class='ocrx_word' id='word_1_53' title='bbox 197 683 305 748; x_wconf 83' lang='lat' dir='ltr'><strong>thymum</strong></span> <span class='ocrx_word' id='word_1_54' title='bbox 316 684 430 748; x_wconf 81' lang='lat' dir='ltr'><strong>pinosque</strong></span> <span class='ocrx_word' id='word_1_55' title='bbox 440 684 518 730; x_wconf 86' lang='lat' dir='ltr'><strong>ferens</strong></span> <span class='ocrx_word' id='word_1_56' title='bbox 529 683 560 730; x_wconf 88' lang='lat' dir='ltr'><strong>de</strong></span> <span class='ocrx_word' id='word_1_57' title='bbox 570 684 686 734; x_wconf 87' lang='lat' dir='ltr'><strong>montibus</strong></span> <span class='ocrx_word' id='word_1_58' title='bbox 696 685 748 734; x_wconf 89' lang='lat' dir='ltr'><strong>sitis</strong></span> 
     </span>
     <span class='ocr_line' id='line_1_10' title="bbox 148 746 645 809; baseline -0.002 -14"><span class='ocrx_word' id='word_1_59' title='bbox 148 755 203 795; x_wconf 86' lang='lat' dir='ltr'><strong>ecta</strong></span> <span class='ocrx_word' id='word_1_60' title='bbox 213 755 275 796; x_wconf 87' lang='lat' dir='ltr'><strong>serat</strong></span> <span class='ocrx_word' id='word_1_61' title='bbox 284 748 330 796; x_wconf 86' lang='lat' dir='ltr'><strong>late</strong></span> <span class='ocrx_word' id='word_1_62' title='bbox 341 748 438 802; x_wconf 68' lang='lat' dir='ltr'><strong>cirum</strong></span> <span class='ocrx_word' id='word_1_63' title='bbox 450 748 488 795; x_wconf 90' lang='lat' dir='ltr'><strong>cui</strong></span> <span class='ocrx_word' id='word_1_64' title='bbox 500 746 557 794; x_wconf 84' lang='lat' dir='ltr'><strong>talia</strong></span> <span class='ocrx_word' id='word_1_65' title='bbox 567 762 645 809; x_wconf 62' lang='grc' dir='ltr'><strong>ουτως</strong></span> 
     </span>
    </p>

    <p class='ocr_par' dir='ltr' id='par_1_9' title="bbox 126 809 806 1007">
     <span class='ocr_line' id='line_1_11' title="bbox 126 809 705 924; baseline 0.007 -65"><span class='ocrx_word' id='word_1_66' title='bbox 126 809 187 924; x_wconf 52' lang='lat' dir='ltr'><strong>{pse</strong></span> <span class='ocrx_word' id='word_1_67' title='bbox 198 811 278 860; x_wconf 81' lang='lat' dir='ltr'><strong>labore</strong></span> <span class='ocrx_word' id='word_1_68' title='bbox 288 828 383 860; x_wconf 88' lang='lat' dir='ltr'><strong>manum</strong></span> <span class='ocrx_word' id='word_1_69' title='bbox 393 813 453 860; x_wconf 85' lang='lat' dir='ltr'><strong>duro</strong></span> <span class='ocrx_word' id='word_1_70' title='bbox 463 818 539 872; x_wconf 88' lang='lat' dir='ltr'><strong>terat;</strong></span> <span class='ocrx_word' id='word_1_71' title='bbox 554 811 606 874; x_wconf 86' lang='lat' dir='ltr'><strong>ipse</strong></span> <span class='ocrx_word' id='word_1_72' title='bbox 617 813 705 862; x_wconf 75' lang='lat' dir='ltr'><strong>sesses</strong></span> 
     </span>
     <span class='ocr_line' id='line_1_12' title="bbox 157 875 805 941; baseline 0.008 -18"><span class='ocrx_word' id='word_1_73' title='bbox 157 882 199 940; x_wconf 89' lang='lat' dir='ltr'><strong>gat</strong></span> <span class='ocrx_word' id='word_1_74' title='bbox 209 878 281 926; x_wconf 90' lang='lat' dir='ltr'><strong>humo</strong></span> <span class='ocrx_word' id='word_1_75' title='bbox 291 877 425 941; x_wconf 62' lang='lat' dir='ltr'><strong>plantasset</strong></span> <span class='ocrx_word' id='word_1_76' title='bbox 432 877 519 925; x_wconf 84' lang='lat' dir='ltr'><strong>amieos</strong></span> <span class='ocrx_word' id='word_1_77' title='bbox 528 875 615 940; x_wconf 78' lang='lat' dir='ltr'><strong>inriget</strong></span> <span class='ocrx_word' id='word_1_78' title='bbox 625 876 717 926; x_wconf 88' lang='lat' dir='ltr'><strong>imbres.</strong></span> <span class='ocrx_word' id='word_1_79' title='bbox 757 879 805 928; x_wconf 80' lang='lat'><strong>11⁵</strong></span> 
     </span>
     <span class='ocr_line' id='line_1_13' title="bbox 160 940 806 1007; baseline -0.002 -16"><span class='ocrx_word' id='word_1_80' title='bbox 160 940 242 1006; x_wconf 84' lang='lat' dir='ltr'><strong>Atque</strong></span> <span class='ocrx_word' id='word_1_81' title='bbox 251 942 361 1006; x_wconf 87' lang='lat' dir='ltr'><strong>equidem</strong></span> <span class='ocrx_word' id='word_1_82' title='bbox 365 960 374 1003; x_wconf 91' lang='lat'>;</span> <span class='ocrx_word' id='word_1_83' title='bbox 384 949 487 990; x_wconf 81' lang='lat' dir='ltr'><strong>extrertm</strong></span> <span class='ocrx_word' id='word_1_84' title='bbox 495 941 521 988; x_wconf 94' lang='lat' dir='ltr'><strong>ni</strong></span> <span class='ocrx_word' id='word_1_85' title='bbox 525 941 577 1007; x_wconf 91' lang='lat' dir='ltr'><strong>jsm</strong></span> <span class='ocrx_word' id='word_1_86' title='bbox 588 941 632 990; x_wconf 92' lang='lat' dir='ltr'><strong>sub</strong></span> <span class='ocrx_word' id='word_1_87' title='bbox 644 941 691 989; x_wconf 85' lang='lat' dir='ltr'><strong>fine</strong></span> <span class='ocrx_word' id='word_1_88' title='bbox 700 941 806 992; x_wconf 84' lang='lat' dir='ltr'><strong>laborum</strong></span> 
     </span>
    </p>
   </div>
   <div class='ocr_carea' id='block_1_3' title="bbox 19 1005 781 1074">
    <p class='ocr_par' dir='ltr' id='par_1_10' title="bbox 19 1005 781 1074">
     <span class='ocr_line' id='line_1_14' title="bbox 19 1005 781 1074; baseline 0 -20"><span class='ocrx_word' id='word_1_89' title='bbox 19 1063 24 1074; x_wconf 25' lang='grc' dir='ltr'><strong>ο</strong></span> <span class='ocrx_word' id='word_1_90' title='bbox 126 1005 192 1054; x_wconf 77' lang='lat' dir='ltr'><strong>Vela</strong></span> <span class='ocrx_word' id='word_1_91' title='bbox 201 1007 299 1062; x_wconf 74' lang='lat' dir='ltr'><strong>naham,</strong></span> <span class='ocrx_word' id='word_1_92' title='bbox 310 1015 334 1056; x_wconf 90' lang='lat' dir='ltr'><strong>et</strong></span> <span class='ocrx_word' id='word_1_93' title='bbox 344 1006 412 1055; x_wconf 86' lang='lat' dir='ltr'><strong>terris</strong></span> <span class='ocrx_word' id='word_1_94' title='bbox 422 1007 531 1054; x_wconf 82' lang='lat' dir='ltr'><strong>festinem</strong></span> <span class='ocrx_word' id='word_1_95' title='bbox 541 1006 663 1054; x_wconf 83' lang='lat' dir='ltr'><strong>advertere</strong></span> <span class='ocrx_word' id='word_1_96' title='bbox 674 1020 781 1070; x_wconf 87' lang='lat' dir='ltr'><strong>proram;</strong></span> 
     </span>
    </p>
   </div>
   <div class='ocr_carea' id='block_1_4' title="bbox 127 1069 823 2686">
    <p class='ocr_par' dir='ltr' id='par_1_11' title="bbox 129 1069 716 1199">
     <span class='ocr_line' id='line_1_15' title="bbox 129 1069 716 1136; baseline 0.003 -18"><span class='ocrx_word' id='word_1_97' title='bbox 129 1069 238 1120; x_wconf 84' lang='lat' dir='ltr'><strong>Forsitan</strong></span> <span class='ocrx_word' id='word_1_98' title='bbox 248 1078 280 1126; x_wconf 90' lang='lat' dir='ltr'><strong>et,</strong></span> <span class='ocrx_word' id='word_1_99' title='bbox 292 1071 391 1136; x_wconf 80' lang='lat' dir='ltr'><strong>pingues</strong></span> <span class='ocrx_word' id='word_1_100' title='bbox 401 1071 480 1119; x_wconf 88' lang='lat' dir='ltr'><strong>hortos</strong></span> <span class='ocrx_word' id='word_1_101' title='bbox 490 1087 542 1136; x_wconf 81' lang='lat' dir='ltr'><strong>quas</strong></span> <span class='ocrx_word' id='word_1_102' title='bbox 552 1087 612 1120; x_wconf 84' lang='lat' dir='ltr'><strong>eura</strong></span> <span class='ocrx_word' id='word_1_103' title='bbox 622 1071 716 1120; x_wconf 85' lang='lat' dir='ltr'><strong>colendi</strong></span> 
     </span>
     <span class='ocr_line' id='line_1_16' title="bbox 130 1133 688 1199; baseline -0.004 -15"><span class='ocrx_word' id='word_1_104' title='bbox 130 1133 242 1192; x_wconf 88' lang='lat' dir='ltr'><strong>Ornsret,</strong></span> <span class='ocrx_word' id='word_1_105' title='bbox 251 1151 368 1192; x_wconf 76' lang='lat' dir='ltr'><strong>mnerem,</strong></span> <span class='ocrx_word' id='word_1_106' title='bbox 378 1135 494 1199; x_wconf 82' lang='lat' dir='ltr'><strong>biferique</strong></span> <span class='ocrx_word' id='word_1_107' title='bbox 502 1136 591 1184; x_wconf 78' lang='lat' dir='ltr'><strong>roseria</strong></span> <span class='ocrx_word' id='word_1_108' title='bbox 601 1135 688 1197; x_wconf 74' lang='lat' dir='ltr'><strong>Pesti3</strong></span> 
     </span>
    </p>

    <p class='ocr_par' dir='ltr' id='par_1_12' title="bbox 127 1199 823 1720">
     <span class='ocr_line' id='line_1_17' title="bbox 129 1199 806 1266; baseline 0.003 -19"><span class='ocrx_word' id='word_1_109' title='bbox 129 1199 231 1264; x_wconf 90' lang='lat' dir='ltr'><strong>Quoque</strong></span> <span class='ocrx_word' id='word_1_110' title='bbox 240 1202 310 1249; x_wconf 87' lang='lat' dir='ltr'><strong>modo</strong></span> <span class='ocrx_word' id='word_1_111' title='bbox 321 1202 381 1266; x_wconf 91' lang='lat' dir='ltr'><strong>potis</strong></span> <span class='ocrx_word' id='word_1_112' title='bbox 391 1201 522 1264; x_wconf 75' lang='lat' dir='ltr'><strong>gauderent</strong></span> <span class='ocrx_word' id='word_1_113' title='bbox 531 1200 616 1249; x_wconf 90' lang='lat' dir='ltr'><strong>intuba</strong></span> <span class='ocrx_word' id='word_1_114' title='bbox 625 1200 688 1256; x_wconf 86' lang='lat' dir='ltr'><strong>rivis,</strong></span> <span class='ocrx_word' id='word_1_115' title='bbox 756 1203 806 1251; x_wconf 81' lang='lat'><strong>120</strong></span> 
     </span>
     <span class='ocr_line' id='line_1_18' title="bbox 128 1263 823 1330; baseline 0.001 -18"><span class='ocrx_word' id='word_1_116' title='bbox 128 1263 163 1312; x_wconf 87' lang='lat' dir='ltr'><strong>Et</strong></span> <span class='ocrx_word' id='word_1_117' title='bbox 172 1265 258 1314; x_wconf 86' lang='lat' dir='ltr'><strong>virides</strong></span> <span class='ocrx_word' id='word_1_118' title='bbox 266 1265 321 1330; x_wconf 84' lang='lat' dir='ltr'><strong>apio</strong></span> <span class='ocrx_word' id='word_1_119' title='bbox 331 1266 405 1329; x_wconf 79' lang='lat' dir='ltr'><strong>ripa;</strong></span> <span class='ocrx_word' id='word_1_120' title='bbox 421 1273 541 1328; x_wconf 84' lang='lat' dir='ltr'><strong>tortusque</strong></span> <span class='ocrx_word' id='word_1_121' title='bbox 551 1280 595 1328; x_wconf 88' lang='lat' dir='ltr'><strong>per</strong></span> <span class='ocrx_word' id='word_1_122' title='bbox 604 1265 702 1314; x_wconf 83' lang='lat' dir='ltr'><strong>herbam</strong></span> <span class='ocrx_word' id='word_1_123' title='bbox 819 1321 823 1330; x_wconf 42' lang='grc' dir='ltr'>Ι</span> 
     </span>
     <span class='ocr_line' id='line_1_19' title="bbox 127 1328 795 1397; baseline 0 -19"><span class='ocrx_word' id='word_1_124' title='bbox 127 1328 253 1382; x_wconf 73' lang='lat' dir='ltr'><strong>cresceret</strong></span> <span class='ocrx_word' id='word_1_125' title='bbox 262 1331 289 1378; x_wconf 93' lang='lat' dir='ltr'><strong>in</strong></span> <span class='ocrx_word' id='word_1_126' title='bbox 299 1339 405 1379; x_wconf 83' lang='lat' dir='ltr'><strong>ventrem</strong></span> <span class='ocrx_word' id='word_1_127' title='bbox 413 1329 517 1378; x_wconf 84' lang='lat' dir='ltr'><strong>cucumis</strong></span> <span class='ocrx_word' id='word_1_128' title='bbox 523 1348 531 1392; x_wconf 82' lang='lat'>3</span> <span class='ocrx_word' id='word_1_129' title='bbox 546 1345 591 1378; x_wconf 89' lang='lat' dir='ltr'><strong>nec</strong></span> <span class='ocrx_word' id='word_1_130' title='bbox 602 1337 795 1397; x_wconf 71' lang='lat' dir='ltr'><strong>perscomantem</strong></span> 
     </span>
     <span class='ocr_line' id='line_1_20' title="bbox 129 1393 726 1452; baseline 0.003 -10"><span class='ocrx_word' id='word_1_131' title='bbox 129 1393 275 1451; x_wconf 78' lang='lat' dir='ltr'><strong>Narcissum,</strong></span> <span class='ocrx_word' id='word_1_132' title='bbox 286 1403 327 1443; x_wconf 84' lang='lat' dir='ltr'><strong>sut</strong></span> <span class='ocrx_word' id='word_1_133' title='bbox 337 1395 392 1443; x_wconf 86' lang='lat' dir='ltr'><strong>flexi</strong></span> <span class='ocrx_word' id='word_1_134' title='bbox 402 1396 525 1444; x_wconf 80' lang='lat' dir='ltr'><strong>tacuissem</strong></span> <span class='ocrx_word' id='word_1_135' title='bbox 534 1395 613 1444; x_wconf 84' lang='lat' dir='ltr'><strong>vimen</strong></span> <span class='ocrx_word' id='word_1_136' title='bbox 624 1395 726 1452; x_wconf 81' lang='lat' dir='ltr'><strong>acautlsi,</strong></span> 
     </span>
     <span class='ocr_line' id='line_1_21' title="bbox 129 1458 805 1526; baseline 0.001 -19"><span class='ocrx_word' id='word_1_137' title='bbox 129 1458 295 1524; x_wconf 77' lang='lat' dir='ltr'><strong>Pallentesque</strong></span> <span class='ocrx_word' id='word_1_138' title='bbox 306 1462 396 1516; x_wconf 84' lang='lat' dir='ltr'><strong>ederas,</strong></span> <span class='ocrx_word' id='word_1_139' title='bbox 407 1467 432 1508; x_wconf 88' lang='lat' dir='ltr'><strong>et</strong></span> <span class='ocrx_word' id='word_1_140' title='bbox 442 1468 547 1509; x_wconf 81' lang='lat' dir='ltr'><strong>amantes</strong></span> <span class='ocrx_word' id='word_1_141' title='bbox 557 1460 627 1510; x_wconf 84' lang='lat' dir='ltr'><strong>litora</strong></span> <span class='ocrx_word' id='word_1_142' title='bbox 637 1469 732 1526; x_wconf 81' lang='lat' dir='ltr'><strong>myrtos</strong></span> <span class='ocrx_word' id='word_1_143' title='bbox 757 1463 805 1509; x_wconf 74' lang='lat'><strong>124</strong></span> 
     </span>
     <span class='ocr_line' id='line_1_22' title="bbox 129 1523 750 1588; baseline 0.005 -16"><span class='ocrx_word' id='word_1_144' title='bbox 129 1523 242 1588; x_wconf 80' lang='lat' dir='ltr'><strong>Namque</strong></span> <span class='ocrx_word' id='word_1_145' title='bbox 250 1525 294 1576; x_wconf 88' lang='lat' dir='ltr'><strong>sub</strong></span> <span class='ocrx_word' id='word_1_146' title='bbox 305 1525 403 1574; x_wconf 81' lang='lat' dir='ltr'><strong>OEbslie</strong></span> <span class='ocrx_word' id='word_1_147' title='bbox 414 1525 510 1574; x_wconf 87' lang='lat' dir='ltr'><strong>memini</strong></span> <span class='ocrx_word' id='word_1_148' title='bbox 520 1542 557 1575; x_wconf 82' lang='lat' dir='ltr'><strong>sne</strong></span> <span class='ocrx_word' id='word_1_149' title='bbox 568 1526 671 1575; x_wconf 88' lang='lat' dir='ltr'><strong>turribus</strong></span> <span class='ocrx_word' id='word_1_150' title='bbox 681 1525 750 1582; x_wconf 70' lang='lat' dir='ltr'><strong>meis,</strong></span> 
     </span>
     <span class='ocr_line' id='line_1_23' title="bbox 130 1589 713 1653; baseline 0.009 -17"><span class='ocrx_word' id='word_1_151' title='bbox 130 1589 186 1647; x_wconf 75' lang='lat' dir='ltr'><strong>Qus</strong></span> <span class='ocrx_word' id='word_1_152' title='bbox 195 1590 263 1653; x_wconf 86' lang='lat' dir='ltr'><strong>niger</strong></span> <span class='ocrx_word' id='word_1_153' title='bbox 273 1592 393 1640; x_wconf 75' lang='lat' dir='ltr'><strong>humectat</strong></span> <span class='ocrx_word' id='word_1_154' title='bbox 403 1590 514 1639; x_wconf 82' lang='lat' dir='ltr'><strong>flaventia</strong></span> <span class='ocrx_word' id='word_1_155' title='bbox 524 1591 588 1640; x_wconf 87' lang='lat' dir='ltr'><strong>culta</strong></span> <span class='ocrx_word' id='word_1_156' title='bbox 598 1591 713 1648; x_wconf 77' lang='lat' dir='ltr'><strong>Galaesns,</strong></span> 
     </span>
     <span class='ocr_line' id='line_1_24' title="bbox 128 1653 672 1720; baseline 0 -16"><span class='ocrx_word' id='word_1_157' title='bbox 128 1653 259 1719; x_wconf 74' lang='lat' dir='ltr'><strong>Corycium</strong></span> <span class='ocrx_word' id='word_1_158' title='bbox 268 1655 354 1704; x_wconf 82' lang='lat' dir='ltr'><strong>vidisse</strong></span> <span class='ocrx_word' id='word_1_159' title='bbox 365 1669 452 1712; x_wconf 88' lang='lat' dir='ltr'><strong>senem,</strong></span> <span class='ocrx_word' id='word_1_160' title='bbox 461 1656 500 1703; x_wconf 90' lang='lat' dir='ltr'><strong>cui</strong></span> <span class='ocrx_word' id='word_1_161' title='bbox 511 1671 588 1720; x_wconf 87' lang='lat' dir='ltr'><strong>psucs</strong></span> <span class='ocrx_word' id='word_1_162' title='bbox 597 1656 672 1704; x_wconf 90' lang='lat' dir='ltr'><strong>relicti</strong></span> 
     </span>
    </p>

    <p class='ocr_par' dir='ltr' id='par_1_13' title="bbox 129 1719 713 1784">
     <span class='ocr_line' id='line_1_25' title="bbox 129 1719 713 1784; baseline 0 -16"><span class='ocrx_word' id='word_1_163' title='bbox 129 1719 146 1768; x_wconf 87' lang='lat' dir='ltr'>J</span> <span class='ocrx_word' id='word_1_164' title='bbox 148 1733 220 1782; x_wconf 88' lang='lat' dir='ltr'><strong>ugera</strong></span> <span class='ocrx_word' id='word_1_165' title='bbox 230 1720 291 1768; x_wconf 87' lang='lat' dir='ltr'><strong>ruris</strong></span> <span class='ocrx_word' id='word_1_166' title='bbox 301 1729 383 1769; x_wconf 86' lang='lat' dir='ltr'><strong>erant:</strong></span> <span class='ocrx_word' id='word_1_167' title='bbox 399 1735 444 1769; x_wconf 90' lang='lat' dir='ltr'><strong>nec</strong></span> <span class='ocrx_word' id='word_1_168' title='bbox 455 1720 538 1768; x_wconf 80' lang='lat' dir='ltr'><strong>fertilis</strong></span> <span class='ocrx_word' id='word_1_169' title='bbox 547 1720 589 1768; x_wconf 89' lang='lat' dir='ltr'><strong>illa</strong></span> <span class='ocrx_word' id='word_1_170' title='bbox 594 1721 713 1784; x_wconf 86' lang='lat' dir='ltr'><strong>juvencis,</strong></span> 
     </span>
    </p>

    <p class='ocr_par' dir='ltr' id='par_1_14' title="bbox 129 1783 804 2301">
     <span class='ocr_line' id='line_1_26' title="bbox 129 1783 804 1848; baseline -0.001 -16"><span class='ocrx_word' id='word_1_171' title='bbox 129 1783 184 1832; x_wconf 88' lang='lat' dir='ltr'><strong>Nec</strong></span> <span class='ocrx_word' id='word_1_172' title='bbox 195 1785 276 1848; x_wconf 86' lang='lat' dir='ltr'><strong>pecori</strong></span> <span class='ocrx_word' id='word_1_173' title='bbox 286 1792 420 1848; x_wconf 84' lang='lat' dir='ltr'><strong>opportuna</strong></span> <span class='ocrx_word' id='word_1_174' title='bbox 430 1799 503 1848; x_wconf 87' lang='lat' dir='ltr'><strong>seges,</strong></span> <span class='ocrx_word' id='word_1_175' title='bbox 513 1799 559 1833; x_wconf 90' lang='lat' dir='ltr'><strong>nec</strong></span> <span class='ocrx_word' id='word_1_176' title='bbox 568 1783 692 1832; x_wconf 78' lang='lat' dir='ltr'><strong>&#39;commoda</strong></span> <span class='ocrx_word' id='word_1_177' title='bbox 699 1784 804 1832; x_wconf 87' lang='lat' dir='ltr'><strong>Baccho.</strong></span> 
     </span>
     <span class='ocr_line' id='line_1_27' title="bbox 129 1847 803 1912; baseline 0.003 -16"><span class='ocrx_word' id='word_1_178' title='bbox 129 1847 177 1896; x_wconf 88' lang='lat' dir='ltr'><strong>Hic</strong></span> <span class='ocrx_word' id='word_1_179' title='bbox 186 1863 264 1898; x_wconf 90' lang='lat' dir='ltr'><strong>rarum</strong></span> <span class='ocrx_word' id='word_1_180' title='bbox 270 1857 350 1898; x_wconf 62' lang='lat' dir='ltr'><strong>nmen</strong></span> <span class='ocrx_word' id='word_1_181' title='bbox 357 1850 383 1898; x_wconf 88' lang='lat' dir='ltr'><strong>in</strong></span> <span class='ocrx_word' id='word_1_182' title='bbox 391 1850 467 1897; x_wconf 85' lang='lat' dir='ltr'><strong>dumis</strong></span> <span class='ocrx_word' id='word_1_183' title='bbox 475 1849 533 1905; x_wconf 91' lang='lat' dir='ltr'><strong>olus,</strong></span> <span class='ocrx_word' id='word_1_184' title='bbox 541 1847 640 1912; x_wconf 86' lang='lat' dir='ltr'><strong>albaque</strong></span> <span class='ocrx_word' id='word_1_185' title='bbox 647 1848 736 1896; x_wconf 86' lang='lat' dir='ltr'><strong>circum</strong></span> <span class='ocrx_word' id='word_1_186' title='bbox 756 1851 803 1898; x_wconf 74' lang='lat'><strong>130</strong></span> 
     </span>
     <span class='ocr_line' id='line_1_28' title="bbox 130 1912 760 1978; baseline -0.003 -16"><span class='ocrx_word' id='word_1_187' title='bbox 130 1912 199 1970; x_wconf 84' lang='lat' dir='ltr'><strong>Lilia,</strong></span> <span class='ocrx_word' id='word_1_188' title='bbox 210 1915 370 1978; x_wconf 79' lang='lat' dir='ltr'><strong>verbenasque</strong></span> <span class='ocrx_word' id='word_1_189' title='bbox 381 1929 488 1978; x_wconf 87' lang='lat' dir='ltr'><strong>premens</strong></span> <span class='ocrx_word' id='word_1_190' title='bbox 498 1928 639 1978; x_wconf 83' lang='lat' dir='ltr'><strong>vescumque</strong></span> <span class='ocrx_word' id='word_1_191' title='bbox 649 1927 760 1978; x_wconf 82' lang='lat' dir='ltr'><strong>papaver,</strong></span> 
     </span>
     <span class='ocr_line' id='line_1_29' title="bbox 129 1976 761 2043; baseline 0 -17"><span class='ocrx_word' id='word_1_192' title='bbox 129 1977 226 2041; x_wconf 82' lang='lat' dir='ltr'><strong>Regum</strong></span> <span class='ocrx_word' id='word_1_193' title='bbox 233 1979 342 2043; x_wconf 84' lang='lat' dir='ltr'><strong>aequabat</strong></span> <span class='ocrx_word' id='word_1_194' title='bbox 352 1995 409 2042; x_wconf 84' lang='lat' dir='ltr'><strong>opes</strong></span> <span class='ocrx_word' id='word_1_195' title='bbox 420 1978 503 2026; x_wconf 88' lang='lat' dir='ltr'><strong>animis</strong></span> <span class='ocrx_word' id='word_1_196' title='bbox 509 1995 517 2039; x_wconf 83' lang='lat'>3</span> <span class='ocrx_word' id='word_1_197' title='bbox 534 1976 631 2040; x_wconf 86' lang='lat' dir='ltr'><strong>serisque</strong></span> <span class='ocrx_word' id='word_1_198' title='bbox 642 1990 761 2028; x_wconf 84' lang='lat' dir='ltr'><strong>revertens</strong></span> 
     </span>
     <span class='ocr_line' id='line_1_30' title="bbox 131 2041 770 2108; baseline 0.005 -19"><span class='ocrx_word' id='word_1_199' title='bbox 131 2041 208 2090; x_wconf 87' lang='lat' dir='ltr'><strong>Nocte</strong></span> <span class='ocrx_word' id='word_1_200' title='bbox 219 2044 322 2098; x_wconf 91' lang='lat' dir='ltr'><strong>domum,</strong></span> <span class='ocrx_word' id='word_1_201' title='bbox 334 2043 435 2108; x_wconf 86' lang='lat' dir='ltr'><strong>dapibus</strong></span> <span class='ocrx_word' id='word_1_202' title='bbox 445 2058 537 2092; x_wconf 87' lang='lat' dir='ltr'><strong>mensas</strong></span> <span class='ocrx_word' id='word_1_203' title='bbox 546 2042 659 2090; x_wconf 86' lang='lat' dir='ltr'><strong>onerabat</strong></span> <span class='ocrx_word' id='word_1_204' title='bbox 668 2043 770 2092; x_wconf 87' lang='lat' dir='ltr'><strong>inemtis.</strong></span> 
     </span>
     <span class='ocr_line' id='line_1_31' title="bbox 130 2106 788 2172; baseline 0.003 -17"><span class='ocrx_word' id='word_1_205' title='bbox 130 2106 223 2155; x_wconf 85' lang='lat' dir='ltr'><strong>Primus</strong></span> <span class='ocrx_word' id='word_1_206' title='bbox 233 2123 289 2156; x_wconf 89' lang='lat' dir='ltr'><strong>vere</strong></span> <span class='ocrx_word' id='word_1_207' title='bbox 300 2123 376 2156; x_wconf 85' lang='lat' dir='ltr'><strong>rosam</strong></span> <span class='ocrx_word' id='word_1_208' title='bbox 386 2117 455 2172; x_wconf 84' lang='lat' dir='ltr'><strong>atque</strong></span> <span class='ocrx_word' id='word_1_209' title='bbox 466 2114 592 2156; x_wconf 87' lang='lat' dir='ltr'><strong>auctumuo</strong></span> <span class='ocrx_word' id='word_1_210' title='bbox 603 2122 700 2172; x_wconf 85' lang='lat' dir='ltr'><strong>carpere</strong></span> <span class='ocrx_word' id='word_1_211' title='bbox 710 2123 788 2172; x_wconf 83' lang='lat' dir='ltr'><strong>poma,</strong></span> 
     </span>
     <span class='ocr_line' id='line_1_32' title="bbox 130 2171 803 2236; baseline 0.006 -16"><span class='ocrx_word' id='word_1_212' title='bbox 130 2171 163 2220; x_wconf 84' lang='lat' dir='ltr'><strong>Et</strong></span> <span class='ocrx_word' id='word_1_213' title='bbox 172 2188 245 2236; x_wconf 89' lang='lat' dir='ltr'><strong>quum</strong></span> <span class='ocrx_word' id='word_1_214' title='bbox 256 2171 327 2220; x_wconf 90' lang='lat' dir='ltr'><strong>tristis</strong></span> <span class='ocrx_word' id='word_1_215' title='bbox 338 2173 412 2221; x_wconf 86' lang='lat' dir='ltr'><strong>hiems</strong></span> <span class='ocrx_word' id='word_1_216' title='bbox 422 2173 550 2220; x_wconf 84' lang='lat' dir='ltr'><strong>etiamnum</strong></span> <span class='ocrx_word' id='word_1_217' title='bbox 561 2171 647 2235; x_wconf 85' lang='lat' dir='ltr'><strong>frigore</strong></span> <span class='ocrx_word' id='word_1_218' title='bbox 658 2187 714 2220; x_wconf 82' lang='lat' dir='ltr'><strong>sexa</strong></span> <span class='ocrx_word' id='word_1_219' title='bbox 754 2176 803 2224; x_wconf 77' lang='lat'><strong>13⁵</strong></span> 
     </span>
     <span class='ocr_line' id='line_1_33' title="bbox 130 2236 728 2301; baseline -0.002 -16"><span class='ocrx_word' id='word_1_220' title='bbox 130 2236 271 2301; x_wconf 85' lang='lat' dir='ltr'><strong>Rumperet,</strong></span> <span class='ocrx_word' id='word_1_221' title='bbox 282 2245 307 2284; x_wconf 93' lang='lat' dir='ltr'><strong>et</strong></span> <span class='ocrx_word' id='word_1_222' title='bbox 317 2237 391 2300; x_wconf 85' lang='lat' dir='ltr'><strong>glacie</strong></span> <span class='ocrx_word' id='word_1_223' title='bbox 402 2253 483 2286; x_wconf 89' lang='lat' dir='ltr'><strong>cursus</strong></span> <span class='ocrx_word' id='word_1_224' title='bbox 494 2237 597 2284; x_wconf 84' lang='lat' dir='ltr'><strong>frenaret</strong></span> <span class='ocrx_word' id='word_1_225' title='bbox 607 2252 728 2300; x_wconf 87' lang='lat' dir='ltr'><strong>aquarum,</strong></span> 
     </span>
    </p>

    <p class='ocr_par' dir='ltr' id='par_1_15' title="bbox 127 2301 804 2686">
     <span class='ocr_line' id='line_1_34' title="bbox 127 2301 681 2366; baseline -0.004 -16"><span class='ocrx_word' id='word_1_226' title='bbox 127 2301 174 2350; x_wconf 76' lang='lat' dir='ltr'><strong>the</strong></span> <span class='ocrx_word' id='word_1_227' title='bbox 185 2317 276 2352; x_wconf 88' lang='lat' dir='ltr'><strong>comam</strong></span> <span class='ocrx_word' id='word_1_228' title='bbox 284 2301 359 2350; x_wconf 87' lang='lat' dir='ltr'><strong>mollis</strong></span> <span class='ocrx_word' id='word_1_229' title='bbox 365 2302 417 2366; x_wconf 82' lang='lat' dir='ltr'><strong>jem</strong></span> <span class='ocrx_word' id='word_1_230' title='bbox 427 2301 540 2351; x_wconf 82' lang='lat' dir='ltr'><strong>tondebat</strong></span> <span class='ocrx_word' id='word_1_231' title='bbox 550 2301 681 2365; x_wconf 82' lang='lat' dir='ltr'><strong>hyacinthi,</strong></span> 
     </span>
     <span class='ocr_line' id='line_1_35' title="bbox 130 2366 793 2430; baseline -0.005 -15"><span class='ocrx_word' id='word_1_232' title='bbox 130 2367 246 2415; x_wconf 81' lang='lat' dir='ltr'><strong>AEstatem</strong></span> <span class='ocrx_word' id='word_1_233' title='bbox 257 2367 402 2430; x_wconf 86' lang='lat' dir='ltr'><strong>increpitans</strong></span> <span class='ocrx_word' id='word_1_234' title='bbox 412 2382 487 2416; x_wconf 86' lang='lat' dir='ltr'><strong>seram</strong></span> <span class='ocrx_word' id='word_1_235' title='bbox 498 2366 658 2430; x_wconf 80' lang='lat' dir='ltr'><strong>zephyrosque</strong></span> <span class='ocrx_word' id='word_1_236' title='bbox 670 2372 793 2418; x_wconf 81' lang='lat' dir='ltr'><strong>morantes.</strong></span> 
     </span>
     <span class='ocr_line' id='line_1_36' title="bbox 131 2428 715 2500; baseline -0.01 -22"><span class='ocrx_word' id='word_1_237' title='bbox 131 2430 194 2493; x_wconf 82' lang='lat' dir='ltr'><strong>Ergo</strong></span> <span class='ocrx_word' id='word_1_238' title='bbox 205 2431 289 2495; x_wconf 85' lang='lat' dir='ltr'><strong>apibus</strong></span> <span class='ocrx_word' id='word_1_239' title='bbox 298 2432 352 2478; x_wconf 87' lang='lat' dir='ltr'><strong>fetis</strong></span> <span class='ocrx_word' id='word_1_240' title='bbox 361 2431 425 2479; x_wconf 87' lang='lat' dir='ltr'><strong>idem</strong></span> <span class='ocrx_word' id='word_1_241' title='bbox 433 2439 505 2492; x_wconf 88' lang='lat' dir='ltr'><strong>atque</strong></span> <span class='ocrx_word' id='word_1_242' title='bbox 515 2429 624 2478; x_wconf 80' lang='lat' dir='ltr'><strong>examine</strong></span> <span class='ocrx_word' id='word_1_243' title='bbox 634 2428 715 2500; x_wconf 41' lang='lat' dir='ltr'><strong>multo·</strong></span> 
     </span>
     <span class='ocr_line' id='line_1_37' title="bbox 131 2493 804 2558; baseline -0.003 -16"><span class='ocrx_word' id='word_1_244' title='bbox 131 2493 224 2542; x_wconf 87' lang='lat' dir='ltr'><strong>Primus</strong></span> <span class='ocrx_word' id='word_1_245' title='bbox 234 2495 363 2549; x_wconf 84' lang='lat' dir='ltr'><strong>abundare,</strong></span> <span class='ocrx_word' id='word_1_246' title='bbox 373 2503 398 2542; x_wconf 87' lang='lat' dir='ltr'><strong>et</strong></span> <span class='ocrx_word' id='word_1_247' title='bbox 407 2494 540 2558; x_wconf 85' lang='lat' dir='ltr'><strong>spumantis</strong></span> <span class='ocrx_word' id='word_1_248' title='bbox 550 2507 634 2554; x_wconf 88' lang='lat' dir='ltr'><strong>cogere</strong></span> <span class='ocrx_word' id='word_1_249' title='bbox 644 2503 728 2552; x_wconf 75' lang='lat' dir='ltr'><strong>pressis</strong></span> <span class='ocrx_word' id='word_1_250' title='bbox 755 2494 804 2544; x_wconf 83' lang='lat'><strong>14⁰</strong></span> 
     </span>
     <span class='ocr_line' id='line_1_38' title="bbox 133 2553 716 2622; baseline -0.014 -18"><span class='ocrx_word' id='word_1_251' title='bbox 133 2557 208 2606; x_wconf 82' lang='lat' dir='ltr'><strong>Mella</strong></span> <span class='ocrx_word' id='word_1_252' title='bbox 218 2559 293 2618; x_wconf 83' lang='lat' dir='ltr'><strong>savis;</strong></span> <span class='ocrx_word' id='word_1_253' title='bbox 307 2559 341 2606; x_wconf 91' lang='lat' dir='ltr'><strong>illi</strong></span> <span class='ocrx_word' id='word_1_254' title='bbox 351 2558 415 2614; x_wconf 72' lang='lat' dir='ltr'><strong>tiliae,</strong></span> <span class='ocrx_word' id='word_1_255' title='bbox 426 2567 496 2622; x_wconf 88' lang='lat' dir='ltr'><strong>atque</strong></span> <span class='ocrx_word' id='word_1_256' title='bbox 506 2557 623 2604; x_wconf 87' lang='lat' dir='ltr'><strong>uberrima</strong></span> <span class='ocrx_word' id='word_1_257' title='bbox 632 2553 716 2614; x_wconf 87' lang='lat' dir='ltr'><strong>pinus;</strong></span> 
     </span>
     <span class='ocr_line' id='line_1_39' title="bbox 128 2615 799 2686; baseline 0 -14"><span class='ocrx_word' id='word_1_258' title='bbox 128 2621 242 2686; x_wconf 71' lang='lat' dir='ltr'><strong>Quosque</strong></span> <span class='ocrx_word' id='word_1_259' title='bbox 252 2623 278 2672; x_wconf 85' lang='lat' dir='ltr'><strong>in</strong></span> <span class='ocrx_word' id='word_1_260' title='bbox 288 2623 345 2676; x_wconf 78' lang='lat' dir='ltr'><strong>tore</strong></span> <span class='ocrx_word' id='word_1_261' title='bbox 355 2639 417 2677; x_wconf 87' lang='lat' dir='ltr'><strong>novo</strong></span> <span class='ocrx_word' id='word_1_262' title='bbox 428 2622 503 2686; x_wconf 84' lang='lat' dir='ltr'><strong>ponis</strong></span> <span class='ocrx_word' id='word_1_263' title='bbox 513 2635 538 2674; x_wconf 87' lang='lat' dir='ltr'><strong>se</strong></span> <span class='ocrx_word' id='word_1_264' title='bbox 548 2616 630 2669; x_wconf 81' lang='lat' dir='ltr'><strong>fertilis</strong></span> <span class='ocrx_word' id='word_1_265' title='bbox 641 2615 709 2670; x_wconf 80' lang='lat' dir='ltr'><strong>arbos</strong></span> <span class='ocrx_word' id='word_1_266' title='bbox 796 2665 799 2672; x_wconf 89' lang='grc'>.</span> 
     </span>
    </p>
   </div>
   <div class='ocr_carea' id='block_1_5' title="bbox 0 0 952 2930">
    <p class='ocr_par' dir='ltr' id='par_1_16' title="bbox 0 0 952 2930">
     <span class='ocr_line' id='line_1_40' title="bbox 0 0 952 2930; baseline 0 0"><span class='ocrx_word' id='word_1_267' title='bbox 0 0 952 2930; x_wconf 95' lang='lat' dir='ltr'><strong> </strong></span> 
     </span>
    </p>
   </div>
  </div>
 </body>
</html>
