1878 2930
144 132 177 176 70
305 122 511 174 GEORGICON
528 125 584 174 Lis.
596 125 648 176 111.

145 250 199 300 Nec
210 263 261 296 sum
272 247 344 296 ammi
355 247 449 302 dubius,
459 247 536 296 verbis
547 264 576 297 es
585 247 679 298 vincere
689 267 800 316 magnum

145 317 224 373 Quam
234 313 271 368 sit,
282 320 306 361 et
317 312 420 376 augustis
430 313 494 360 hunc
505 313 592 363 addere
602 315 672 364 rebus
682 316 801 366 honorem.

146 381 193 428 Sed
205 395 242 428 me
252 377 350 426 Parnasi
362 378 455 426 deserta
465 393 508 441 per
518 380 593 428 ardua
603 379 678 428 dulcis
768 388 815 432 291

144 445 236 509 Raptat
246 458 318 490 amor.
345 443 418 492 Juvat
428 442 463 490 ire
470 443 541 507 jugis,
551 445 599 508 quai
610 445 674 494 nulla
685 447 789 512 priorum

145 510 270 560 Castaliam
282 507 347 559 molli
358 507 487 558 devertitur
497 509 572 556 orbita
583 509 650 558 clivo.

121 583 123 586 '
176 576 203 624 N
204 591 258 628 unc,
269 574 405 623 veneranda
414 571 491 630 Pales,
505 590 590 638 magno
603 591 668 624 nunc
682 592 723 626 ore
733 592 818 626 sonan.

237 641 302 688 dum.

144 704 267 771 Incipiens
278 703 374 752 stabulis
385 702 453 750 edico
464 702 489 750 in
500 703 607 753 mollibus
618 706 715 754 herbam
770 710 818 758 295

143 770 249 834 Carpere
260 779 326 825 ovea·
335 770 392 817 dum
403 784 456 816 mox
468 769 579 816 frondosa
588 770 709 818 reducitur
719 781 801 835 aestas;

143 834 176 882 Et
187 835 260 884 multd
271 836 354 883 duram
364 833 450 896 stipulis
461 833 595 898 filicumque
604 835 712 898 maniplis

142 898 254 950 Sternere
266 901 345 948 subter
356 899 460 952 humum,
471 899 557 961 glacies
567 915 598 952 ne
608 900 693 964 frigide
704 901 774 950 laedat

142 963 218 1014 Molle
230 981 309 1029 pecus,
321 963 467 1026 scabiemque
479 964 539 1012 ferat
549 974 675 1029 turpesque
686 967 808 1030 podagras.

142 1028 201 1078 Post
211 1032 266 1079 hinc
278 1031 394 1093 digressus
401 1027 476 1091 jubeo
487 1029 623 1078 frondentia
633 1031 709 1094 capris
767 1035 817 1081 300

143 1093 236 1144 Arbuta
247 1097 360 1149 sufficere,
371 1101 396 1142 et
406 1093 490 1142 fluvios
501 1095 605 1159 prebere
616 1101 735 1156 recentes;

143 1159 176 1208 Et
186 1161 278 1210 stabula
289 1177 304 1208 a
315 1157 391 1208 ventis
401 1157 500 1206 hiberno
510 1173 630 1224 opponere
640 1160 683 1208 soli

143 1224 183 1272 Ad
195 1227 299 1276 medium
310 1239 422 1274 conversa
433 1223 503 1280 diem,
515 1240 587 1288 quum
598 1225 696 1290 frigidus
706 1225 762 1274 olim
807 1233 809 1240 '

142 1291 157 1339 J
160 1307 198 1340 am
209 1291 281 1347 cedit,
292 1299 382 1340 extrem
412 1304 443 1336 ue
454 1289 543 1338 inrorat
553 1290 671 1354 Aquarius
682 1307 751 1340 anno.

143 1355 190 1404 Hae
201 1373 294 1421 quoque
304 1369 352 1402 non
362 1370 392 1402 cu
430 1354 498 1400 nobis
509 1353 595 1402 leviore
607 1357 716 1416 tuendae5
767 1355 816 1405 305

143 1420 197 1470 Nec
208 1421 284 1470 minor
294 1433 349 1467 usus
359 1417 418 1475 erit;
434 1419 539 1478 quamvis
549 1418 644 1464 Milesia
655 1435 739 1483 magno

142 1485 240 1538 Vellera
248 1491 369 1532 mutentur
376 1479 460 1544 Tyrios
470 1481 562 1528 incocta
571 1482 674 1529 rubores.

143 1548 246 1596 Densior
257 1547 311 1596 hinc
322 1544 429 1604 suboles;
444 1545 500 1592 hino
511 1544 570 1608 largi
581 1545 650 1608 eopia
660 1547 733 1595 laetis.

143 1613 222 1669 Quam
232 1611 307 1676 magis
317 1610 430 1658 exhausto
441 1609 584 1672 spumaverit
594 1611 667 1660 ubere
677 1612 784 1670 mulctra,

143 1677 211 1726 Lata
221 1677 294 1741 magis
306 1673 390 1739 pressis
400 1675 530 1724 manebunt
541 1674 638 1723 flumina
647 1679 759 1727 mammis.

144 1742 197 1792 Nec
208 1743 285 1792 nunus
296 1743 386 1790 interes
396 1739 480 1787 barbas
491 1739 621 1804 incanaque
631 1751 711 1790 menta
766 1749 813 1794 311

144 1808 259 1873 Cinyphii
268 1807 367 1856 tondent
377 1803 443 1860 birci,
454 1812 566 1868 setasque
576 1816 703 1862 comentes,

144 1873 219 1922 Usum
229 1873 255 1920 in
266 1881 401 1924 castrorum,
412 1877 437 1918 et
447 1869 535 1918 miseris
544 1870 661 1920 velamina
672 1874 756 1922 nautis,

143 1937 277 1986 Pascuntur
287 1951 343 1984 vero
354 1934 430 1986 silvas.
440 1942 465 1982 ct
475 1935 564 1982 sbmma
575 1935 663 2000 Lycaei,

144 2001 319 2065 Horrentesque
330 2000 408 2052 rubos,
419 2005 443 2046 et
454 2008 558 2048 amantes
569 2002 643 2048 ardua
654 2003 751 2064 dumos;
766 2008 815 2056 315

102 2125 104 2130 ,
143 2063 292 2130 Atque'ipsae
303 2079 417 2112 memores
426 2064 526 2112 redeunt
536 2065 562 2111 in
571 2071 641 2122 tecm,
653 2083 751 2131 suosque

145 2132 251 2186 Ducunt,
262 2138 287 2178 et
297 2129 394 2193 gravido
404 2137 517 2190 superant
527 2129 567 2178 vix
578 2130 650 2180 ubere
661 2133 739 2182 limen.

145 2199 209 2262 Ergo
219 2195 284 2244 omni
293 2194 370 2242 studio
380 2191 478 2257 glaciem
485 2202 613 2258 ventosque
624 2197 720 2252 nivales,

147 2265 201 2322 Quo
211 2262 288 2310 minus
297 2267 333 2308 est
342 2258 388 2306 illis
397 2273 460 2306 cura
470 2260 574 2308 mortalis
584 2271 680 2325 egestas,

146 2330 260 2389 Avertes3
275 2325 409 2388 victumque
419 2324 480 2372 seres
491 2333 515 2372 et
525 2326 605 2388 virgea
615 2327 682 2373 letus
766 2331 815 2378 320

146 2393 239 2444 Pabula
245 2411 252 2456 ;
267 2407 311 2440 nec
322 2389 372 2437 tots
382 2388 477 2438 claudes
488 2390 577 2437 foenilia
588 2391 677 2438 brumd.

146 2458 181 2509 At
191 2475 254 2515 vero,
265 2454 378 2522 Zephyris
388 2470 460 2519 quum
471 2454 525 2503 laeta
535 2456 673 2504 vocantibus
683 2463 751 2505 aestas

145 2529 177 2577 In
188 2527 260 2574 saltus
270 2532 394 2586 utrumque
404 2535 498 2584 gregem
509 2527 580 2584 atque
590 2521 615 2568 in
626 2537 714 2585 pascua
724 2523 816 2586 mittet;

146 2591 251 2642 Luciferi
261 2589 337 2654 primo
347 2603 400 2636 cum
411 2585 488 2634 sidere
498 2585 585 2650 frigida
594 2603 650 2636 rura

147 2658 285 2722 carpamns,
295 2655 353 2702 duro
363 2667 432 2702 mane
442 2667 538 2709 novum,
545 2653 602 2703 dum
610 2653 717 2719 gramina
723 2661 817 2710 canent,
