1878 2930
287 157 493 209 GEORGICON
510 159 566 208 Lis
579 158 630 208 111.
764 167 796 214 69

124 281 243 346 Corpora,
253 281 273 330 si
284 290 374 330 tentum
384 289 452 330 notes
461 281 519 329 odor
530 281 615 330 adtulit
625 282 710 330 sures?
749 289 792 334 251

121 347 161 395 Ac
172 363 252 411 neque
263 363 303 395 eos
310 349 361 412 jam
372 348 440 395 frene
448 345 531 402 sinim,
537 363 614 412 neque
621 347 720 396 verbere
727 363 795 404 sere,

120 413 181 460 Non
193 413 281 476 scopuli
293 427 408 476 rupesque
416 427 489 466 esrae,
497 420 566 475 etque
573 413 668 478 objecta
674 414 796 462 retardant

121 477 241 533 Flumina,
251 485 374 541 conreptos
385 476 451 524 undb
461 478 593 540 torquentia
603 486 700 527 montes.

121 541 180 604 Ipse
191 543 239 589 ruit
249 543 378 606 dentesque
389 539 517 589 Sabellicus
528 543 619 590 exacuit
631 559 677 598 sus,
747 545 794 593 2⁵⁵

122 604 156 653 Et
166 607 229 669 pede
240 606 368 670 prosubigit
377 613 471 661 terrum,
483 605 552 654 fficat
561 607 642 655 nrbore
652 615 735 663 muas,

120 669 202 734 Atque
214 671 270 718 hinc
281 681 351 734 atque
362 671 426 718 illiue
437 671 546 718 humeros
557 671 587 717 ad
597 673 695 721 vulnera
704 674 782 722 duret

122 735 189 791 Quid
196 735 299 800 juvenis,
310 751 420 798 magnum
431 734 470 782 oui
480 742 558 782 versat
568 734 593 781 in
602 737 690 785 ossibus
700 738 778 800 ignem

121 799 205 848 Durus
213 803 291 849 umor?
302 801 397 863 Nempe
404 799 510 862 abruptis
517 798 613 846 turbate
619 801 725 863 prooellis
746 808 794 853 259

37 891 40 898 ι
121 863 204 912 Nocte
215 873 282 912 naut
291 864 355 912 caet
365 879 430 912 serus
440 865 501 912 freta
507 881 516 924 ;
530 879 601 928 quem
611 879 681 927 super
690 866 773 929 ingens

121 927 196 976 Porta
206 936 273 976 tonat
283 930 343 984 orell,
355 938 380 976 et
390 929 491 992 seopulis
501 928 570 976 inlisa
581 929 708 976 reclamant

120 994 244 1058 AEqpore3
259 1010 304 1042 neo
314 994 392 1042 miseri
402 1002 501 1057 possunt
510 1008 621 1041 revocare
631 1003 749 1057 parentes,

120 1057 175 1106 Nec
186 1059 298 1107 moritura
308 1073 379 1123 super
389 1059 479 1106 crudeli
489 1059 573 1106 sunere
582 1057 657 1121 virgo.
745 1063 793 1111 263

121 1121 187 1179 Quid
198 1124 280 1188 lynces
290 1123 381 1172 Bocchi
391 1123 472 1180 varie,
481 1131 507 1171 et
516 1137 591 1186 genus
602 1139 656 1172 scre
666 1121 775 1186 luporum

120 1187 202 1252 Atque
212 1190 311 1236 canum?
322 1187 388 1252 quid,
395 1203 448 1253 quae
456 1187 555 1235 inbelles
562 1189 621 1235 dent
627 1187 710 1251 proelis
717 1189 794 1240 oervi?

154 1251 249 1301 Scilicet
259 1262 314 1301 unte
324 1269 405 1301 omnes
416 1253 483 1301 furor*
491 1259 528 1300 est
535 1252 632 1316 insignis
642 1267 769 1315 equorum

120 1315 155 1364 Et
162 1324 265 1366 mentem
277 1319 359 1367 Venus
369 1317 421 1382 ipss
430 1316 505 1372 dedit,
515 1332 562 1381 quo
571 1326 677 1381 ternpore
688 1316 774 1367 Glauci

118 1380 249 1430 Potniades
259 1383 325 1430 melis
335 1383 440 1430 membra
450 1383 581 1430 absumere
592 1381 718 1446 quedrlgae.

118 1445 178 1493 Illas
189 1447 255 1496 ducit
264 1463 329 1495 umor
339 1455 404 1495 trans
414 1446 528 1512 Gargara,
538 1455 650 1512 transque
660 1453 783 1496 sonantem

118 1508 260 1574 Asounium;
272 1520 384 1577 superant
390 1519 487 1569 montes,
496 1521 520 1562 et
526 1513 624 1561 flumine
630 1520 731 1562 trmant
744 1517 793 1563 270

118 1574 294 1640 Continuoque,
305 1577 380 1626 avidis
391 1577 432 1624 ubi
442 1577 536 1626 subdita
546 1579 640 1626 flumme
650 1577 766 1635 medullis,

117 1639 184 1689 Vere
194 1643 276 1706 magis,
284 1643 341 1706 quia
350 1657 406 1690 vere
416 1641 479 1690 culor
487 1642 550 1691 redit
559 1642 656 1698 ossibus,
665 1643 711 1692 illu

119 1703 170 1752 Ore
181 1721 261 1754 omnes
272 1723 343 1756 versu
354 1707 380 1754 in
390 1707 524 1772 Zephyrum
535 1713 597 1754 stent
607 1707 705 1770 rupibus
716 1707 776 1763 altis,

118 1765 301 1836 Exceptantque
311 1772 375 1820 leves
386 1787 467 1834 aures3
484 1779 508 1820 et
519 1787 581 1834 saepe
592 1770 642 1818 sine
654 1771 707 1833 ullis

119 1832 244 1899 Conjugiis
254 1844 325 1884 vento
337 1836 439 1899 gravide
449 1836 568 1900 (mirabile
578 1833 657 1895 dictu)
743 1837 792 1884 2⁷5

118 1897 182 1948 Saxa
192 1908 269 1962 peret
279 1901 386 1965 scopulos
397 1909 422 1948 et
429 1901 553 1964 'depressas
563 1899 681 1948 convalles

118 1961 273 2027 Diffugiunt5
289 1980 345 2020 non,
356 1965 428 2019 Eure,
438 1969 498 2020 tuos,
512 1980 589 2028 neque
602 1963 661 2012 Solis
671 1964 702 2012 ed
713 1971 792 2026 ortus;

117 2025 151 2075 In
163 2027 256 2077 Borean
268 2029 427 2094 Caurumque,
437 2036 479 2076 sut
489 2031 553 2078 unde
561 2029 698 2092 nigerrimus
705 2030 792 2078 Auster

117 2091 240 2148 Nascitur,
250 2101 275 2141 et
286 2093 366 2157 pluvio
376 2093 498 2142 contristet
508 2094 593 2157 frigore
604 2095 694 2142 ooelum.

117 2155 168 2204 Hic
179 2158 282 2214 demum,
294 2158 447 2222 hippomanes
456 2173 513 2206 vero
522 2159 585 2222 quod
596 2159 690 2211 nomine
701 2159 785 2208 dicunt

116 2219 235 2278 Pastores,
246 2223 336 2270 lentum
347 2221 449 2270 destillet
460 2223 489 2270 ab
499 2222 598 2285 inguine
608 2223 686 2284 vinrs3
742 2227 789 2272 281

116 2285 290 2350 Hippomenes,
301 2289 365 2350 quod
375 2303 437 2350 soepe
448 2287 514 2334 male
525 2287 602 2350 legere
611 2303 727 2342 novercae,

115 2349 315 2416 Miscueruntque
326 2353 410 2400 herbas
420 2359 445 2399 et
455 2367 502 2399 uon
512 2351 608 2400 innodo
618 2353 697 2400 verbs.

150 2415 199 2464 Sed
211 2417 273 2480 fugit
283 2417 380 2472 interea,
391 2417 452 2480 sugit
461 2416 616 2481 inreparabile
626 2424 726 2478 tempus,

116 2479 218 2544 Singula
227 2483 285 2529 dum
296 2483 360 2546 capti
370 2482 578 2531 circumvectamur
588 2493 673 2526 amore.
741 2479 789 2528 28⁵

115 2545 173 2596 Hoc
184 2546 239 2594 setis
250 2547 367 2594 armentis.
395 2546 496 2610 Superat
505 2559 560 2609 pers
570 2545 644 2591 altera
654 2556 725 2595 curu,

114 2609 247 2674 Laurigeros
258 2611 347 2674 agitare
358 2627 439 2676 greges
450 2611 568 2671 hirtesque
579 2605 701 2680 capellus..

112 2675 166 2731 Hic
176 2677 258 2740 labor5
273 2677 330 2726 hinc
339 2677 434 2730 laudem
442 2676 515 2722 fortes
525 2679 616 2736 sperete
626 2669 709 2720 colom.
