1878 2930
308 79 491 138 Buconch,
505 81 569 131 Bur..
579 81 612 132 V.
768 87 797 134 lb

121 203 235 256 puniceis
245 202 340 252 humilis
350 212 466 268 quantum
476 205 581 254 saliunca
591 205 689 268 rosais3

24 267 27 280 '
121 270 220 322 Jndicio
229 277 311 318 nostro
321 277 413 320 tuntum
423 269 466 317 tibi
477 271 540 319 cedit
550 271 674 336 Amyntas

404 399 516 434 MOPSUS·

122 463 172 512 Sed
183 470 211 512 tu
221 463 305 512 desine
315 464 392 529 plura,
402 479 477 528 puer3
493 463 643 514 successimus
654 473 729 514 sntrn

123 529 276 578 Exstinctum
287 529 313 578 N
314 531 408 594 ymphae
419 529 510 579 crudeli
520 530 602 578 funere
613 531 730 594 Daphnin
767 533 800 578 20

125 593 243 642 Flebant:
260 609 302 641 vos
312 595 385 642 coruli
396 601 468 642 testes
478 601 502 642 et
512 594 609 642 flumina
619 594 756 661 Nymphis;

124 659 215 716 Quum,
226 659 349 723 conplexa
358 660 395 708 sni
405 673 490 722 corpus
500 657 630 708 miserabile
640 661 715 724 gnari,

123 724 206 786 Atque
218 725 276 773 deos
286 732 358 788 stqne
368 732 431 773 astra
440 730 511 772 vocat
521 725 626 772 crudelis
634 733 717 774 mata.

124 787 184 838 Non
196 788 238 837 ulli
248 798 328 853 pastos
334 790 381 838 illis
391 805 461 854 cgere
471 789 558 838 dicbus

123 853 230 918 Frigida,
247 855 354 920 Daphni,
373 854 445 903 boves
461 856 492 901 ad
509 853 623 915 flumina3
642 854 707 902 nulla
723 869 801 918 neque

221 935 317 968 amnem
769 922 802 969 25

124 983 222 1032 Libavit
232 986 375 1050 quadrupes,
386 1000 431 1034 nac
442 983 553 1050 graminis
564 980 650 1046 adtigit
660 982 764 1032 herbam.

125 1046 235 1113 Daphrn',
244 1057 316 1100 tumn
325 1049 410 1099 Poeuos
421 1051 492 1098 etiam
501 1048 644 1114 ingemuisse
654 1047 736 1096 lesnes

126 1113 265 1171 Interitnm,
275 1123 413 1194 montesque
424 1115 469 1164 feri
480 1115 590 1178 silvaeque
601 1115 737 1178 loquuntur.

125 1178 240 1240 Daphnis
250 1186 275 1227 et
284 1180 409 1230 Amemus
420 1195 491 1227 curru
502 1179 645 1244 subjungere
656 1178 729 1242 tigres

23 1225 26 1258 ²
124 1243 707 1310 Imnnnt3nsphnistrsasosiud1nnessaoeht,
771 1245 804 1292 so

125 1307 163 1356 Et
172 1306 236 1356 soliis
246 1309 322 1358 lentas
329 1312 437 1370 intexere
447 1309 556 1358 mollibus
566 1309 652 1356 hastas.

124 1373 190 1422 Vitis
201 1379 228 1420 nt
238 1375 360 1424 arboribus
370 1374 450 1424 decori
461 1385 503 1432 est,
515 1382 543 1422 ut
552 1374 640 1423 vitibus
651 1389 713 1428 nvae,

124 1438 161 1488 Ut
171 1437 285 1504 gregibus
292 1442 363 1498 tauri,
374 1448 465 1504 segetes
477 1448 502 1489 ut
513 1439 640 1504 pinguibus
650 1439 728 1499 arcis3

124 1503 164 1551 Tu
172 1505 247 1552 decus
256 1519 327 1553 omne
336 1505 398 1554 tuis:
413 1515 536 1571 postquam
546 1513 571 1552 te
582 1506 632 1552 lata
641 1505 755 1560 tulerunt,

124 1567 140 1616 Ι
194 1568 265 1617 Pales
275 1585 351 1634 agnon
362 1579 432 1636 abque
443 1571 493 1634 ipse
504 1569 599 1635 reliquit
608 1570 703 1634 Apollo.
769 1570 802 1616 36

152 1633 237 1682 randis
247 1651 311 1700 serpe
321 1635 407 1700 quibus
421 1635 584 1684 mandavimus
594 1636 684 1683 hordea
695 1633 772 1688 sulcis,

126 1697 217 1746 Infelix
228 1699 309 1760 lolium
320 1708 345 1748 et
356 1700 445 1748 stu-ires
453 1708 582 1749 nascuntur
592 1713 679 1748 averrae.

124 1763 175 1812 Pro
186 1764 252 1812 molli
262 1763 333 1822 violi,
348 1778 393 1827 pro
403 1779 523 1828 purpureo
534 1763 645 1818 narcisso,

124 1827 240 1876 carduus
250 1836 275 1876 ct
285 1829 360 1893 spinis
370 1829 445 1893 surgit
455 1830 560 1894 paliurus
572 1829 653 1875 scutis.

125 1893 238 1957 Spargite
249 1895 349 1942 humum
359 1893 429 1950 soliis,
439 1894 545 1942 inducite
556 1892 665 1941 lontibus¹
671 1892 774 1947 umbras,

125 1958 252 2006 Pastoresc
269 1959 368 2006 mandet
378 1959 432 2006 fieri
440 1959 485 2006 sibi
495 1959 552 2007 talia
563 1958 680 2022 Daphnin
773 1961 804 2006 41

124 2023 161 2070 Et
171 2023 290 2072 tumulum
301 2023 381 2079 fache,
396 2031 422 2072 et
432 2024 522 2072 tumulo
533 2024 684 2086 superaddite
695 2037 801 2072 carmen:

126 2087 243 2152 Daphnis
253 2103 298 2152 ego
307 2089 334 2136 in
345 2088 415 2142 silvis,
427 2089 483 2136 hinc
494 2103 568 2152 usquc
579 2089 609 2136 ad
621 2089 698 2138 sidera
709 2097 786 2144 notus,

67 2163 69 2168 '
126 2153 237 2202 Formosi
247 2154 341 2218 pecoris
351 2161 436 2210 custos,
447 2153 569 2204 formosior
578 2153 636 2218 ipsc.

394 2281 546 2318 MENALCAB·

126 2348 188 2398 Tale
198 2355 267 2398 tuum
278 2365 375 2400 carmen
385 2349 461 2406 nobis,
472 2348 553 2398 divine
563 2349 642 2412 posta,
775 2345 808 2391 45

129 2414 211 2472 Quale
222 2431 292 2480 sopor
303 2415 370 2464 fessis
380 2416 408 2463 in
417 2413 523 2478 gramine
529 2432 538 2476 ;
553 2414 629 2478 quale,
638 2425 681 2476 per
692 2415 782 2462 astum,

129 2479 218 2529 Dulcis
229 2497 297 2545 aqnae
308 2479 407 2529 saliente
418 2481 479 2528 sitim
489 2478 635 2542 restinguere
644 2475 702 2522 rivo.

129 2541 188 2593 Nec
199 2546 296 2595 calamis
305 2545 381 2594 solnm
389 2545 528 2610 aequiparas,
535 2543 576 2590 sed
584 2555 650 2592 voce,
658 2536 808 2600 magistrnme

133 2607 265 2660 Fortunate
275 2625 346 2677 puer,
356 2618 384 2660 tu
394 2625 459 2661 nuuc
469 2609 516 2658 eris
527 2606 586 2653 alter
596 2603 626 2650 ab
637 2601 684 2648 illo.
