1898 2934
348 106 513 162 AENEIDOS
529 109 591 160 ἱππ,
598 107 621 160 1.
778 115 826 162 rot

143 235 222 286 Unde
229 249 273 300 per
280 249 321 282 ora
328 241 486 282 novemvesto
494 248 548 281 cnm
556 247 675 282 murmure
681 229 766 282 montis
777 239 826 288 245

144 302 174 350 It
186 315 251 350 mare
262 307 408 364 proruptum,
416 304 440 346 et
451 297 535 360 pelago
545 298 631 362 premit
641 311 698 346 arva
708 301 816 362 sonanti3

144 365 198 416 Hic
209 373 289 413 tamen
299 364 339 413 ille
351 365 433 412 urbem
444 361 538 418 Patavi,
553 363 666 428 sedesque
676 363 762 414 locavit

144 431 302 485 Teucrorum,
312 437 337 478 at
347 428 412 493 genti
423 443 509 476 nornen
520 428 594 482 dedit,
605 443 716 494 armaque
726 428 779 477 lixit

145 496 237 556 Troia;
254 509 318 543 nunc
329 493 422 559 placidi
432 491 559 556 conpdstus
570 507 628 556 pace
638 494 744 557 quiescit.

146 561 210 616 Nos,
221 569 264 608 tus
273 559 404 624 progenies,
415 558 468 606 coeli
478 557 563 620 quibus
575 557 658 608 adnuis
668 571 755 616 arcem,
778 562 826 609 250

146 626 175 676 N
176 626 259 674 aribus
268 622 419 688 (infandum)
430 621 526 678 amissis,
538 621 607 670 unius
618 624 648 671 ob
659 623 718 672 iram

145 689 284 746 Prodimur,
296 697 365 754 atque
375 689 442 738 Italis
451 689 521 750 longe
532 685 688 752 disjungimur
696 688 751 738 oris.

147 756 198 805 Hic
211 755 304 820 pietatis
315 755 404 803 honos?
421 754 453 802 sic
465 768 508 800 nos
518 751 543 799 in
555 759 647 815 sceptra
657 755 766 817 reponis?

183 820 233 870 Olli
243 821 366 868 subridens
377 819 499 868 hominum
510 825 573 865 sator
584 823 654 880 atque
664 819 762 869 deornm

147 885 230 943 Voltu,
241 901 289 950 quo
300 885 384 934 coelum
395 891 591 948 tempestatesque
602 889 703 938 serenat,
778 887 828 934 255

148 949 239 999 Oscula
249 950 332 998 libavit
341 957 419 1011 nntre;
434 949 522 998 debinc
532 945 590 995 talia
600 947 677 994 latur:

148 1015 225 1064 Parce
236 1023 308 1070 metu,
316 1014 451 1080 Cytherea3
468 1019 564 1061 manent
574 1011 664 1060 inmota
673 1019 767 1060 tuorum

149 1081 210 1128 Feta
219 1081 278 1140 tibi;
294 1095 376 1129 cernes
386 1079 470 1128 urbem
480 1087 505 1127 et
516 1077 629 1142 promissa
640 1076 727 1125 Lavini

148 1145 249 1202 Moenla,
261 1145 429 1208 sublimemque
440 1145 501 1192 leres
512 1143 542 1190 sd
554 1141 632 1190 sidera
642 1142 696 1191 eseli
780 1141 827 1190 259

150 1209 332 1274 Magnanimum
343 1209 454 1269 AEnean3
469 1222 547 1320 neque
558 1223 595 1255 me
607 1206 724 1254 sententie
733 1206 810 1254 vertit.

151 1275 199 1323 Hic
209 1277 266 1339 (tibi
277 1277 346 1324 fabor
356 1273 428 1328 enim,
439 1288 502 1338 quan
520 1287 534 1319 ο
545 1272 596 1320 hec
604 1279 628 1318 te
637 1285 695 1320 curs
702 1272 829 1326 remordet,

149 1340 255 1404 Longius
266 1351 290 1389 et
301 1340 397 1388 volvens
409 1335 511 1388 fatorum
522 1351 609 1384 arcana
618 1334 732 1399 movebo)

151 1405 246 1454 Bellum
257 1406 340 1470 ingens
351 1410 417 1469 geret
428 1402 504 1458 ituit,
515 1402 661 1467 populosque
672 1402 764 1450 feroces

150 1469 289 1519 Contundet
298 1487 306 1532 3
321 1483 443 1533 moresque
453 1468 509 1516 viris
520 1474 544 1516 et
555 1467 642 1516 moenia
652 1473 725 1532 ponet
731 1485 740 1529 3

149 1534 230 1584 Tertia
240 1535 298 1584 dum
309 1535 378 1584 Latio
388 1542 527 1600 regnantem
537 1532 625 1582 viderit
635 1539 711 1591 estas,
781 1533 829 1582 265

149 1599 273 1665 Terneque
284 1601 419 1650 transierint
430 1599 527 1648 Rutulis
537 1598 637 1647 hiberna
647 1596 757 1648 subactis.

149 1663 185 1712 At
194 1681 254 1729 puer
265 1665 388 1722 Ascanius,
398 1665 437 1713 cni
447 1679 512 1713 nunc
523 1679 653 1727 cognomen
664 1659 719 1712 Iulo

149 1729 284 1787 ‘Additum
294 1732 359 1796 (Ilus
369 1738 428 1785 eret,
438 1731 497 1777 dnm
507 1743 545 1777 res
556 1728 620 1775 stetit
629 1727 677 1776 Ilie
687 1725 796 1792 regno)*

150 1795 257 1858 Triginta
267 1811 364 1860 magnos
373 1793 496 1843 volvendis
506 1791 625 1840 mensibus
635 1793 705 1840 orbes

151 1860 255 1924 Imperio
266 1861 378 1925 explebit,
388 1871 534 1924 regnumque
545 1856 575 1903 ab
586 1857 643 1905 sede
654 1855 742 1904 Lavini
780 1857 829 1906 270

150 1925 293 1981 Transferet,
303 1933 328 1974 et
339 1927 433 1989 longam
443 1921 518 1972 multi
528 1921 553 1968 ri
563 1921 654 1970 muniet
663 1919 758 1970 Albam.

152 1989 199 2038 llic
206 1991 258 2054 jam
268 1997 305 2039 ter
315 1999 411 2040 centum
421 1995 483 2037 totos
493 1986 631 2050 regnabitur
641 1999 715 2034 annos

152 2053 231 2103 Gente
242 2056 286 2103 snb
297 2055 416 2105 Hectorei
422 2074 430 2116 ;
446 2055 521 2101 donec
532 2051 615 2115 regina
625 2052 733 2100 sacerdos

151 2119 233 2168 Morte
243 2121 320 2184 gravis
330 2120 448 2185 geminam
459 2125 529 2183 partu
539 2116 607 2165 dabit
618 2117 664 2165 [lia
675 2119 772 2180 prolem.

152 2183 214 2233 Inde
224 2185 287 2250 lupar
299 2186 364 2234 fulvo
374 2183 473 2232 nutricis
482 2181 585 2247 tegmine
596 2182 664 2232 lsetus
780 2179 829 2228 275

151 2249 268 2299 Romulus
278 2249 381 2314 excipiet
391 2255 493 2316 gentem,
504 2255 529 2296 et
540 2246 661 2294 Mavortia
670 2247 757 2295 condet

152 2314 252 2378 Moenia,
263 2315 431 2380 Romanosque
443 2329 484 2361 suo
496 2311 632 2361 denomino
643 2311 713 2359 dicet.

153 2377 197 2428 llis
207 2396 252 2444 ego
262 2397 307 2430 nec
319 2387 392 2430 metas
403 2395 481 2428 rerum
493 2393 537 2426 nec
547 2385 655 2440 tempore
666 2389 743 2438 pon03

153 2443 282 2508 Imperium
295 2447 345 2494 sine
356 2447 403 2493 dne
414 2443 477 2492 dedi.
506 2442 572 2498 Quin
583 2440 749 2502 aspersione,

154 2509 213 2564 Qum
225 2525 289 2558 mare
300 2525 364 2559 nnnc
374 2518 494 2572 terrasque
505 2513 570 2553 metu
582 2504 712 2564 coelumque
723 2500 815 2563 fatigat,

155 2571 258 2624 Consilia
269 2575 294 2621 in
305 2576 388 2622 melius
398 2574 494 2626 referet,
504 2581 642 2629 mecumque
653 2565 743 2613 fovebit
783 2568 830 2613 281

155 2635 282 2695 Romanos,
293 2654 372 2687 rerum
383 2637 498 2690 dominos,
509 2639 649 2696 gentemque
659 2635 771 2693 togatam.

594 2710 610 2741 ι

769 2799 931 2892 Δ
