1882 2924
278 117 438 172 AENEIDOS
454 119 511 170 Lrn.
523 110 584 172 x11.‘
727 129 775 178 361

110 247 219 298 ruentes
229 245 334 309 sequitur
341 259 435 308 peuces,
443 244 494 309 jem
505 243 604 306 segnior,
616 251 686 306 atque
729 252 777 300 615

107 314 162 368 Jem
173 309 249 360 minis
258 319 329 374 etque
339 307 416 358 minus
425 323 532 357 successu
543 309 609 355 tetus
620 324 738 372 equorum.

109 377 205 426 Adtulit
215 378 278 426 bunc
289 375 322 422 iili
333 374 402 422 cecis
410 375 536 421 terroribus
546 389 603 420 eure

110 442 261 496 Conmiutum
272 441 404 494 clamorem,
421 439 573 500 adrectasque
582 437 669 502 inpulit
679 454 747 488 eures
780 433 783 440 ⁴

111 505 221 560 Confnsae
233 521 302 552 sonus
314 502 385 558 urbis,
396 510 420 552 et
430 503 557 550 interstite
568 518 678 551 murmur.

111 572 159 622 Hei
171 570 240 618 mibi!
258 569 314 633 quid
326 577 392 618 teuto
402 569 527 615 turbantur
538 568 623 614 moenie
634 568 715 617 luctu?
733 575 780 621 620

112 637 201 694 Quisve
211 635 258 682 tuit
268 642 347 681 tantus
357 633 450 680 diversi
460 633 547 681 clamor
556 632 585 678 nb
597 633 673 681 urbe?

112 701 151 754 Sic
162 701 203 756 ait,
213 699 366 760 adductisque
376 714 456 745 cruens
467 697 570 744 subsistit
580 697 684 745 habenis.

112 765 191 829 Atque
202 765 265 818 huic,
275 763 300 810 in
311 764 396 810 faciem
406 776 470 810 soror
477 770 504 809 ut
515 775 627 810 converse
638 762 734 811 Metisci

113 830 217 892 Auriga,
227 841 367 890 currumque
377 836 402 876 et
409 841 481 890 equos
491 835 515 874 et
525 826 575 873 lore
584 826 689 888 regebat,
755 835 756 840 ’

112 894 208 944 Talibus
218 892 320 941 occurrit
329 893 408 940 dictis:
426 893 488 946 Hac,
498 891 585 946 Turne,
596 906 720 954 sequemur
735 897 783 943 625

113 959 266 1024 Trojugenns,
280 957 327 1020 quei
337 955 413 1019 prime
423 957 483 1004 viem
495 955 593 1004 victorie
603 957 697 1019 pendit:

115 1024 176 1074 Sunt
186 1023 233 1078 eiii,
245 1024 285 1084 qui
296 1030 358 1068 tectu
369 1037 440 1069 manu
451 1022 579 1068 defendere
590 1021 687 1083 possint.

114 1088 210 1152 Ingruit
217 1087 304 1135 AEness
315 1086 389 1140 Italis,
399 1093 423 1133 et
434 1086 516 1148 proeiie
527 1085 618 1133 miscet:

116 1153 149 1202 Et
160 1168 202 1200 nos
213 1167 275 1199 saeve
285 1165 355 1198 menn
367 1151 485 1198 mittamus
495 1150 689 1197 sunera'l'encris.

117 1219 171 1274 Nee
180 1230 277 1264 nurnero
287 1215 391 1269 inferior,
403 1229 487 1278 pugnes
499 1229 542 1262 nec
552 1215 640 1261 bonore
650 1216 752 1266 recedes.

115 1283 209 1332 Turnus
219 1282 250 1328 ed
262 1281 327 1326 haee:
739 1285 786 1332 631

118 1348 141 1396 0
152 1362 223 1401 soror,
238 1353 262 1392 et
273 1344 370 1398 dudum,
381 1342 490 1406 adgnovi,
501 1359 554 1390 cum
565 1344 641 1406 prime
652 1359 694 1406 per
703 1354 776 1394 artem

118 1412 219 1460 Foeders
227 1407 334 1462 turbini,
344 1416 414 1470 teque
425 1409 475 1456 baec
486 1407 511 1452 in
522 1408 584 1454 belle
594 1408 678 1456 dedisti
684 1427 691 1469 ;

118 1475 152 1524 Et
162 1491 226 1524 nunc
236 1473 394 1535 nequidquam
405 1472 465 1520 fellis
476 1473 530 1518 Dee
536 1490 543 1532 ;
560 1474 600 1520 sed
611 1473 663 1536 quis
674 1473 778 1540 Olympo

119 1541 253 1592 Demissarn
262 1545 340 1586 tentos
350 1537 423 1585 voluit
433 1545 457 1586 te
468 1538 528 1584 ferre
544 1537 648 1586 iabores?
740 1545 788 1591 635

120 1603 163 1654 An
173 1604 251 1654 frenis
259 1601 337 1648 miseri
347 1601 419 1650 letum
429 1611 456 1650 ut
466 1603 561 1651 crudele
571 1603 679 1652 videres?
712 1605 789 1668 [terni

121 1670 186 1719 Num
193 1667 249 1733 quid
261 1667 318 1730 egoi
332 1673 372 1714 eut
381 1683 435 1732 quer
443 1668 494 1732 jam
505 1669 605 1730 spondet
616 1669 720 1716 Fortuna
730 1671 791 1717 sedu-

121 1734 181 1783 Vidi
191 1732 270 1784 oculos
281 1739 335 1780 unte
345 1732 395 1796 ipse
405 1747 476 1786 mens,
491 1747 527 1778 me
538 1747 595 1778 voce
606 1739 736 1788 vocantem,
784 1727 786 1734 ’

121 1799 272 1852 Murranum,
282 1812 329 1860 quo
340 1812 388 1844 non
399 1804 493 1858 superat
503 1794 560 1840 mibi
571 1794 646 1842 esrior
656 1794 722 1850 ulter,

125 1863 253 1927 Oppetere‚
263 1863 389 1922 ingentem,
401 1870 471 1923 etque
480 1858 570 1920 ingenti
577 1859 672 1905 volnere
680 1859 774 1910 victum.

123 1926 220 1975 Occidit
229 1925 320 1979 infelix,
330 1940 362 1972 ne
372 1931 476 1970 nostrum
487 1923 590 1970 dedecus
600 1924 676 1973 Ufens
744 1933 790 1976 641

124 1990 282 2052 suspicere„
296 1986 380 2036 Teucri
392 1988 514 2052 potiuntur
523 2002 621 2050 corpure
631 1997 656 2035 et
667 1990 742 2039 cruris.

125 2053 270 2104 Exscindine
281 2053 369 2106 domes,
378 2052 403 2098 id
414 2053 483 2100 rebus
493 2052 569 2100 defuit
580 2069 660 2108 unum,
797 2055 800 2060 '

124 2118 262 2182 Perpetiar?
279 2117 363 2164 dextris
374 2132 418 2164 nec
429 2117 530 2164 Drancis
540 2117 604 2165 dicte
612 2117 731 2167 refellam?

125 2185 204 2247 'sergu
214 2182 291 2295 ὀξὺζ.)
307 2190 332 2229 et
341 2181 447 2229 Turnum
458 2177 586 2245 fugientem
597 2185 648 2230 hec
658 2193 721 2231 terre
730 2185 796 2232 vide-

240 2248 258 2294 it
748 2247 797 2303 esd

126 2315 208 2378 Usque
219 2313 310 2362 sdeom
320 2310 379 2358 niori
390 2311 498 2360 miserum
509 2313 556 2359 eet?
569 2327 611 2360 vos
621 2328 636 2358 ο
647 2311 704 2360 tuitii
711 2312 797 2362 Manes

127 2379 185 2428 Este
196 2378 260 2432 boni,
269 2377 380 2440 quonium
390 2376 486 2440 Superis
496 2391 577 2424 eversa
586 2378 701 2424 volentes
797 2407 799 2412 -

129 2442 216 2492 Sencts
226 2444 257 2492 ed
268 2458 310 2491 vos
321 2441 406 2497 enims.
418 2447 488 2504 atque
499 2440 564 2488 istius
574 2442 648 2488 inscia
659 2441 742 2505 culpa,

130 2508 288 2563 Descendens,
294 2519 431 2570 magnorum
436 2506 500 2554 haud
509 2501 617 2568 nmqunin
626 2506 798 2568 indignusavo-

223 2589 282 2622 rum.

543 2641 575 2683 21
