1878 2930
146 134 180 184 52
278 203 283 212 .
318 127 525 181 GEORGICON
541 129 598 178 Lra.
610 129 646 178 11.

145 252 278 318 Ingredior.
290 261 382 302 sanctos
392 269 461 302 eusus
471 252 593 302 recludere
604 253 688 309 fontes,
709 271 711 278 ⁴
768 259 817 307 175

145 319 313 384 Asoroeumque
324 335 383 368 oeno
394 319 504 367 Romam
514 334 556 382 per
567 318 655 382 oppido
665 331 766 368 carmen.

178 385 251 433 Nunc
261 384 324 433 locus
332 399 439 432 arvorum
447 383 561 447 ingeniis3
571 399 624 448 que
632 384 716 432 robora
722 385 816 450 cuique,

145 448 204 508 Quis
215 450 286 504 color,
297 456 321 498 et
331 465 383 513 qum
394 449 424 496 sit
433 450 503 498 rebus
513 457 599 496 nutura
608 448 718 498 terendis.

145 513 260 562 Difficiles
272 514 372 578 primum
382 521 458 570 terrae,
469 513 585 578 collesque
595 513 699 578 maligni,

144 579 233 627 Tenuis
245 579 285 626 ubi
296 579 378 643 argilla
388 588 412 628 et
422 579 524 627 dumosis
536 578 639 627 calenus
650 579 720 635 ervis,
768 582 816 628 180
835 581 837 584 ’

144 642 252 690 Palladii
264 645 368 707 gaudent
377 645 436 692 silvi
447 643 534 692 vivacis
544 643 617 692 olivae.

143 706 238 756 Indicio
249 716 291 763 est,
302 718 378 758 tractu
388 711 485 772 surgens
495 709 594 756 oleaster
604 707 687 756 eodem

142 771 269 828 Plurimus,
279 782 303 821 et
313 775 379 823 strati
389 775 467 822 baccis
477 773 618 822 silvestribus
628 773 686 836 egri.

142 836 179 885 At
189 852 242 901 quae
254 839 347 903 pinguis
357 841 450 893 humus,
461 839 571 901 dulcique
581 837 669 901 uligine
679 838 740 892 leto,

143 900 239 964 Quique
250 904 360 967 frequens
371 903 450 952 herbis
459 911 484 952 et
494 903 577 952 fertilis
587 902 660 951 ubere
670 917 782 966 cmnpur3

143 966 244 1024 Qualem
256 984 317 1033 saepe
328 969 387 1018 cavi
397 969 482 1018 montis
492 967 599 1016 convalle
609 967 709 1016 solemus
766 969 814 1017 186
832 975 834 980 '

142 1030 282 1096 Dispicere;
297 1035 345 1082 huo
356 1032 450 1098 summis
460 1032 582 1097 liquuntur
592 1032 691 1094 rupibus
702 1045 790 1087 amnes,

142 1095 290 1162 Felicemque
300 1099 398 1145 trabunt
407 1097 502 1145 limum:
517 1095 605 1161 quique
614 1095 692 1146 editus
702 1103 789 1151 austro,

142 1159 176 1208 Et
187 1162 271 1210 filicem
282 1163 359 1210 curvis
369 1161 468 1210 invisum
479 1161 555 1226 pascit
565 1160 646 1210 aratris
654 1178 661 1222 3

142 1224 191 1274 Hie
201 1227 245 1275 tibi
255 1227 394 1291 praevalidas
404 1227 460 1274 olim
471 1226 591 1302 multoque
601 1225 701 1286 fluentes
764 1225 817 1273 110

142 1289 247 1340 Sufficiet
258 1293 353 1341 Baccho
364 1293 423 1340 vites
429 1311 438 1354 3
454 1292 493 1340 bio
504 1292 586 1340 futilis
596 1306 656 1344 uvae,

142 1354 190 1404 Hic
201 1357 283 1412 laticis,
294 1357 385 1420 qualem
397 1357 483 1418 pateris
494 1355 594 1404 libemus
604 1361 629 1402 et
639 1369 704 1408 auro,

141 1418 239 1467 Inflevit
248 1437 320 1484 quum
332 1421 425 1482 pinguis
435 1421 494 1467 ebur
504 1419 640 1482 Tyrrhenus
651 1419 682 1464 ad
694 1431 754 1472 uras,

141 1483 260 1532 Lancibus
270 1493 294 1532 et
305 1485 389 1547 pandis
400 1483 515 1530 fumantia
524 1482 644 1530 reddimus
653 1487 715 1528 exte.

142 1545 184 1595 Sin
195 1556 301 1595 armenta
312 1547 384 1611 magia
395 1547 498 1596 studium
509 1547 640 1609 vitulosque
651 1545 720 1602 tueri,
764 1549 813 1598 195

140 1611 192 1659 Aut
202 1613 264 1659 letus
273 1611 359 1668 ovium,
372 1619 412 1660 aut
424 1619 517 1659 urentes
527 1609 591 1660 cultu
601 1609 711 1674 capellus,

141 1675 226 1732 Saltus,
237 1686 262 1724 et
272 1677 344 1725 seturi
355 1676 428 1740 petito
442 1677 569 1740 longinqua
578 1675 684 1730 Tarenti,

125 1739 174 1789 „Et
184 1740 277 1806 qualem
287 1742 369 1790 infelix
380 1741 456 1790 amisit
466 1742 569 1790 Mantua
578 1756 696 1804 campum,

140 1805 281 1855 Pascentem
291 1809 371 1856 niveos
383 1806 480 1855 herboso
491 1806 586 1854 durniue
597 1820 692 1870 egenos.

140 1870 198 1919 Non
210 1870 292 1935 liquidi
302 1873 411 1936 gregibus
422 1872 505 1926 fontes,
516 1886 565 1918 non
575 1871 680 1934 grmnine
690 1872 804 1926 deerunt;

139 1934 181 1989 Et,
191 1945 305 1998 quantum
315 1937 389 2000 longia
399 1943 497 1999 carpent
508 1944 614 1984 armenta
623 1935 715 1990 diebus,
762 1937 809 1982 201

140 1997 234 2060 Exigui
244 2008 336 2049 tuntum
348 2001 438 2065 gelidus
448 2015 486 2047 ros
497 2007 566 2049 nocte
576 2009 681 2064 reponet.

143 2063 218 2125 Nigra
228 2065 278 2113 fere
289 2075 313 2114 et
324 2081 403 2128 presso
413 2065 507 2129 pinguis
518 2066 561 2114 sub
571 2079 666 2114 vomere
675 2074 746 2118 terra,

139 2125 223 2184 Etcui
233 2137 303 2192 putre
314 2131 388 2178 solum
396 2129 511 2194 (namque
526 2131 571 2178 huc
581 2129 699 2178 imitamur
709 2123 811 2185 arando)

140 2191 163 2240 0
181 2201 247 2240 tuma
255 2195 389 2243 frumentis:
400 2209 448 2241 non
456 2195 504 2242 ullo
512 2211 542 2243 ex
550 2209 644 2258 equore
650 2209 732 2244 cernes
763 2193 811 2240 205

139 2207 213 2305 Piirra
223 2258 319 2307 domum
329 2259 403 2307 turdis
413 2259 528 2307 decedere
538 2259 643 2324 plaustra
649 2256 773 2323 juvencis;
819 2277 821 2284 ⁴

139 2321 198 2376 Aut,
209 2324 273 2372 unde
283 2325 356 2372 irutus
367 2323 448 2372 silvam
459 2324 555 2374 devexit
566 2331 651 2378 erutor,

140 2387 174 2434 Et
184 2401 281 2436 nemore
290 2389 374 2437 evertit
385 2387 470 2435 multos
480 2391 565 2452 ignava
575 2402 617 2452 per
627 2401 709 2441 anuos.

139 2450 303 2517 Antiquusque
312 2455 393 2502 domos
404 2453 483 2502 urium
492 2471 547 2503 cum
557 2452 669 2516 stirpibus
679 2451 731 2500 imis

140 2515 224 2564 Eruit:
241 2519 286 2568 illae
298 2519 370 2568 altum
381 2517 442 2566 nidis
453 2519 542 2582 petiere
552 2516 652 2575 relictis;
763 2517 813 2564 210

139 2578 174 2628 At
185 2582 250 2630 rudis
260 2585 346 2634 enituit
356 2583 448 2647 inpulso
460 2598 553 2634 vomere
564 2594 666 2644 campus.

140 2643 205 2693 Nam
212 2647 298 2713 jejuno
307 2651 402 2717 quidem
413 2648 492 2698 clivosi
503 2650 582 2714 glarea
592 2645 652 2694 ruris
