1878 2930
299 147 504 202 nunnorcon
520 151 577 202 ns.
589 151 610 202 1.
759 151 792 198 ss
820 125 824 134 ’

117 275 202 338 Tuque
214 273 283 328 sdeo,
293 287 362 336 quem
373 289 427 322 mox
438 289 489 336 qnae
500 275 547 322 sint
558 275 667 324 habiture
677 274 775 322 deorum

118 338 236 394 concilia,
247 338 361 389 incertum
372 346 423 385 ests
439 339 532 388 urbisne
539 341 647 396 invisere,
654 339 742 394 Cesar,
759 341 790 390 25

115 405 291 467 Terrarumque
301 402 358 450 velis
367 418 456 458 curem,
467 411 491 451 et
500 413 524 452 te
534 421 655 454 maxumus
664 403 728 452 orbis

114 468 248 516 Auctorem
260 469 353 529 frugum
364 476 572 534 tempestatumque
582 477 703 534 potentem

116 532 240 596 Adcipist,
250 533 346 594 cingens
356 533 462 580 materne
472 540 577 598 tempore
586 545 677 601 myrt03

115 597 158 646 An
169 599 229 646 deus
238 598 345 645 immensi
355 597 435 645 venies
446 598 523 654 meris,
534 615 560 647 ec
570 607 612 648 tus
621 609 699 649 nautes

116 663 143 711 N
144 663 227 711 umine
237 663 287 709 sola
297 663 381 718 colent,
391 663 435 710 tibi
445 662 531 710 serviat
540 664 620 713 ultime
630 665 714 720 Thule,
758 663 791 710 et>

114 727 199 792 Teque
210 727 254 774 sibi
264 743 375 791 generum
384 727 475 793 Tethys
486 735 548 776 emet
558 731 663 778 omnibus
674 727 758 789 undis3

116 791 192 840 Anne
202 809 290 840 norum
301 793 373 840 tardis
383 791 446 840 sidus
456 801 480 841 te
492 793 609 842 mensibus
619 797 699 850 addes,

117 858 175 915 Qua
185 857 250 905 locus
261 857 380 920 Erigonen
389 857 452 905 inter
463 857 595 922 Chelasque
605 867 726 920 sequentes

116 921 251 970 Penditnrr
267 923 318 985 ipse
328 922 371 970 tibi
378 922 429 986 jem
440 923 537 971 brechia
547 923 665 971 contrahit
674 925 758 971 ardens

115 986 235 1050 Scorpios,
246 995 270 1035 et
280 986 333 1036 coeli
339 987 405 1051 juste
416 986 468 1050 plus
478 996 545 1052 parte
556 987 662 1052 reliquit:
757 991 802 1036 351

117 1051 241 1114 Quidquid
252 1051 313 1112 eris;
329 1067 384 1098 nam
395 1059 419 1099 te
429 1067 473 1100 nec
484 1061 579 1118 sperent
588 1053 687 1101 'l‘ertare
696 1067 781 1114 regem,

74 1143 77 1150 =
114 1116 171 1166 Nec
182 1116 227 1164 tibi
236 1117 352 1180 regnandi
360 1116 442 1164 veniet
452 1124 500 1164 tum
511 1119 563 1167 dire
573 1118 676 1181 cupido:

115 1183 230 1240 Quemvis
240 1181 334 1246 Elysios
344 1181 441 1246 miretur
451 1181 545 1231 Grecis
555 1198 658 1246 campos,

115 1247 173 1295 Nec
182 1247 283 1308 repetite
294 1247 359 1309 sequi
369 1254 437 1293 curet
446 1245 589 1310 Proserpina
598 1254 696 1294 matrem
704 1265 712 1308 ς

116 1311 161 1360 De
171 1309 263 1358 facilem
273 1326 374 1365 cursum,
386 1319 456 1374 etque
467 1311 596 1360 sudecibus
607 1313 685 1358 adnue
696 1308 784 1373 coeptis,

115 1375 263 1440 ignarosque
272 1375 317 1424 vise
327 1391 420 1424 mecum
430 1375 551 1425 miseratus
561 1377 671 1440 agrestes,
758 1379 790 1424 41

115 1439 255 1503 Ingredere,
265 1448 290 1489 et
300 1441 360 1488 votis
366 1440 417 1504 jem
428 1456 491 1490 nunc
502 1443 613 1490 adsuesce
623 1441 709 1491 vocari.

146 1505 214 1553 Vere
224 1520 294 1561 novo,
305 1505 396 1569 gelidus
406 1505 469 1554 cenis
480 1523 553 1571 quum
563 1507 682 1556 montibus
693 1509 778 1554 htunor

114 1569 269 1633 Equitum-et
280 1571 389 1634 Zephyro
399 1571 473 1634 putris
484 1589 508 1620 se
519 1573 589 1638 gleba
598 1572 700 1629 resolvit,

115 1633 235 1698 Depresso
245 1635 345 1698 incipiat
351 1636 402 1699 jem
411 1644 461 1684 tum
471 1637 528 1685 mihi
538 1648 620 1686 taurus
631 1645 708 1686 aratro
756 1636 789 1684 45

115 1699 250 1763 Ingemere,
261 1708 286 1750 et
297 1699 361 1748 sulco
372 1701 469 1748 edtritus
479 1703 642 1766 splendescere
652 1715 740 1752 vomer.

115 1763 164 1812 Ina
174 1776 240 1828 seges
250 1765 347 1813 demum
357 1765 417 1812 votis
426 1769 553 1830 respondet
564 1767 629 1814 everi

114 1829 242 1892 Agricola,
253 1829 353 1895 bisque
365 1829 443 1887 solem,
455 1832 490 1879 bis
500 1832 590 1896 frigore
600 1830 687 1891 sensit3

116 1893 186 1942 Illius
195 1895 309 1943 inmense
320 1905 435 1958 ruperunt
445 1895 530 1944 horres
540 1911 633 1944 messes

150 1958 185 2007 At
195 1960 267 2022 prins,
277 1961 386 2024 ignotum
396 1961 458 2008 ferro
468 1977 539 2024 qnam
549 1959 676 2008 scindimus
686 1973 773 2026 equor,

115 2023 208 2073 Ventos
219 2033 244 2072 et
254 2026 346 2072 verium
357 2025 409 2073 coeli
419 2027 560 2089 prediscere
570 2041 659 2074 morem
757 2029 800 2074 Μ’

115 2087 182 2138 Cure
191 2089 229 2145 sit,
240 2105 268 2138 ec
280 2089 368 2153 patrios
378 2091 501 2154 cultusque
512 2091 651 2155 habitusque
662 2091 782 2150 locorum3

114 2153 149 2201 Et
159 2154 217 2218 quid
228 2169 329 2230 queque
340 2154 401 2202 serat
407 2155 478 2220 regio,
486 2165 511 2204 et
518 2156 575 2220 quid
584 2171 682 2220 queque
689 2163 788 2204 recuset.

114 2217 164 2268 Hic
176 2229 276 2282 segetes,
286 2219 336 2266 riiic
346 2220 445 2268 veniunt
456 2220 547 2268 felicius
557 2237 610 2268 uvae
616 2239 624 2282 3

112 2283 217 2332 Arborei
229 2283 292 2332 setus
304 2283 367 2340 aiibi,
378 2292 447 2349 etque
457 2285 546 2348 injussa
555 2285 674 2334 virescunt
757 2281 789 2331 ⁵5

114 2347 240 2398 Gramine.
269 2349 358 2397 Nonne
368 2349 442 2405 vides,
452 2364 546 2398 croceos
557 2358 583 2398 ut
593 2351 688 2398 Tmolus
698 2348 790 2400 odores,

112 2412 189 2462 Indis
200 2413 274 2462 mittit
285 2414 352 2468 ebur,
362 2413 442 2462 melles
453 2429 496 2461 sue
505 2422 559 2462 ture
569 2414 661 2474 Sabaei3

112 2476 149 2526 At
159 2477 283 2543 Chalybes
293 2479 353 2526 nudi
365 2478 460 2534 serrum,
469 2478 592 2542 virosaque
602 2478 695 2525 Pontus

114 2541 238 2598 Castorea,
250 2543 362 2591 Elisdum
373 2543 461 2606 palmes
472 2542 557 2606 Epiros
567 2539 696 2604 equarum?

114 2605 237 2674 Continuo
249 2609 293 2656 hes
303 2608 366 2672 leges
377 2615 511 2670 eternaque
522 2607 616 2677 foedere
622 2601 692 2650 certis
760 2603 792 2650 60

113 2669 227 2738 Inposuit
237 2681 324 2724 nature
333 2671 397 2729 locis,
407 2687 454 2738 quo
464 2679 571 2733 tempore
581 2679 682 2730 primum
