1888 2924
322 85 485 151 »muninus
502 99 615 152 usur.
759 88 806 152 ‘211

133 219 803 288 Haeamnisquamsemiuinopsinhumatsqueturbaest;
831 221 837 230 “

132 287 235 336 Portitor
244 287 290 342 ille,
302 288 410 348 Char-om
427 289 459 344 hi,
470 303 528 353 quos
538 287 605 336 vehit
615 288 687 343 unda,
697 290 789 354 sepulti.

128 352 185 400 Nec
195 352 257 416 ripas
267 353 338 402 datur
349 354 476 402 horrendas
486 360 511 400 et
520 367 591 402 rauca
600 353 690 402 fluente
715 401 716 406 ,
804 359 805 362 ’

129 416 297 480 Transportsre
308 418 380 481 prius,
390 433 460 482 quam
470 417 564 465 sedibus
574 433 625 466 ossa
634 417 750 482 quidrunt.
790 423 794 432 “

129 481 233 531 Centum
240 490 320 530 errant
327 498 407 538 annos,
414 482 559 545 volitantque
567 482 617 532 hac
625 483 692 530 litora
699 483 800 531 circum:

128 546 190 595 Tum
200 547 295 594 demum
305 547 398 594 admissi
409 555 491 611 stagna
501 554 612 610 exoptata
621 547 731 596 revisunt.
750 549 799 596 330

129 609 241 658 Constitit
250 610 353 658 Ancum
363 619 433 667 satus,
445 619 469 660 et
479 610 577 674 vestigia
585 613 681 674 pressit;

128 674 209 724 Multa
220 685 313 738 putans,
323 683 453 740 sortemque
464 675 541 723 animo
556 675 677 724 miseratus
686 675 798 741 iniquam.

129 737 213 787 Cernit
223 739 257 786 ibi
268 747 358 787 maestos
369 748 393 790 et
403 741 483 788 mortis
491 741 580 788 honore
590 748 703 795 carentes,

128 803 275 879 leucaspim¹
284 813 308 852 st
318 805 399 869 Lycia
409 807 530 853 ductorem
540 803 618 854 classis
627 803 747 865 Oronten}

128 868 202 924 Quos,
213 869 280 916 simul
291 885 305 916 a
315 869 385 934 Trojt
394 878 491 918 ventosa
498 884 541 933 per
548 875 734 933 aquoraveetos,
749 871 797 920 335

128 933 215 981 Obruit
226 941 311 989 auster,
322 934 383 996 aqud
392 935 513 984 involvens
523 947 655 997 navemque
664 932 779 1002 virosque.

159 997 223 1046 Ecce
233 999 374 1062 gubernator
384 1015 433 1048 sese
443 999 570 1048 Palinurus
579 999 664 1062 agebat
670 1015 678 1058 ;
757 1030 759 1036 ι

127 1062 175 1118 Qui
188 1063 279 1127 Libyes
288 1077 365 1126 nuper
375 1078 452 1118 cursu,
462 1065 520 1110 dum
530 1062 608 1110 sidera
617 1069 702 1117 servat,

125 1125 256 1175 Exciderat
266 1127 341 1190 puppi
351 1127 433 1175 mediis
442 1127 530 1176 effusus
540 1127 565 1173 in
576 1127 652 1180 undis,
750 1129 798 1176 339

127 1190 200 1238 Hunc
213 1191 252 1237 ubi
262 1191 303 1238 vix
313 1190 386 1239 multd
396 1200 502 1240 maestum
511 1191 655 1254 cognovitin
667 1191 755 1245 umbri,

127 1253 166 1302 Sic
177 1254 240 1318 prior
250 1253 396 1317 adloquitur:
413 1255 472 1312 Quis
482 1262 513 1309 te,
525 1255 643 1313 Palinure,
655 1255 760 1316 Deorum

127 1317 223 1382 Eripuit
232 1318 308 1374 uobis,
318 1319 441 1384 medioque
452 1319 495 1366 sub
506 1332 599 1384 equore
610 1318 701 1369 mersit?

128 1383 176 1432 Dic
188 1399 238 1448 age.
267 1383 375 1447 Namque
386 1383 451 1438 mihi,
461 1383 532 1436 fallas
543 1384 673 1432 insudante
684 1393 797 1449 repertus,

126 1447 182 1496 Hoc
193 1465 241 1498 uno
251 1463 361 1512 responso
372 1448 475 1496 animum
485 1448 571 1496 delusit
580 1447 674 1512 Apollo,
748 1449 797 1502 344

128 1513 175 1570 Qui
187 1515 237 1562 sore
247 1524 271 1564 te
282 1520 355 1577 ponto
365 1513 512 1567 incolumem,
523 1514 627 1577 finesque
638 1513 737 1564 canebat

127 1579 261 1627 Venturum
270 1579 394 1627 Ausonios.
423 1579 461 1626 En
472 1579 523 1627 haec
534 1579 645 1642 promissa
655 1579 713 1628 fides
724 1580 774 1630 est?

127 1640 172 1690 Ille
183 1652 274 1704 autem:
291 1645 376 1708 Neque
386 1653 410 1692 te
422 1643 506 1694 Phoebi
516 1645 606 1690 cortina
617 1639 707 1698 fefellit,
753 1663 755 1668 ·

121 1707 185 1756 ·Dux
196 1708 348 1764 Anchisiade,
358 1724 402 1766 nec
413 1723 450 1755 me
461 1709 520 1756 deus
530 1723 624 1769 aequore
634 1709 720 1756 mersit.
783 1747 789 1756 ,

127 1773 236 1836 Namque
247 1773 414 1837 gubernaclum
424 1771 498 1818 multi
508 1769 532 1816 vi
543 1771 603 1817 sorte
613 1770 736 1828 revulsum,

127 1837 174 1885 Cui
185 1839 253 1886 datus
264 1838 472 1890 haerebamcustos‚
480 1847 606 1898 cursusque
615 1835 731 1898 regebam,
747 1842 796 1888 350

126 1900 281 1966 Pracipitans
291 1901 351 1948 traxi
362 1915 459 1956 mecum.
488 1898 567 1946 Maria
577 1913 659 1962 aspera
664 1899 728 1964 juro,

128 1965 186 2013 Non
196 1965 268 2013 ullum
279 1981 321 2028 pro
331 1981 369 2012 me
379 1972 471 2013 tanturn
482 1962 569 2025 cepisse
579 1963 693 2020 timorem,

123 2030 207 2086 Quam
217 2037 259 2076 tus
269 2044 306 2084 ne,
318 2029 416 2091 spoliata
426 2027 502 2080 armis,
510 2041 609 2075 excussa¹
617 2029 732 2094 magistro,

123 2094 248 2144 'Deficeret
257 2093 330 2140 tantis
340 2093 405 2140 navis
415 2090 562 2154 surgentibus
573 2093 648 2156 undis
740 2136 743 2142 .

123 2159 185 2209 {ires
195 2168 265 2206 notus
275 2157 383 2204 hibernas
390 2156 496 2202 inmensa
503 2171 545 2218 pet·
552 2173 645 2220 aequoru
652 2167 732 2209 noctes
747 2163 798 2212 355

127 2223 202 2274 Venit
212 2221 375 2272 meviolentus
386 2220 458 2284 aqui:
475 2220 515 2268 vix
526 2221 612 2270 lumine
622 2233 706 2287 quarto

126 2289 241 2352 Prospexi
252 2286 354 2341 Italiam,
364 2285 451 2334 summi
461 2285 564 2333 sublimis
574 2288 603 2334 ab
614 2289 684 2335 undt‘.

128 2353 254 2403 Paullatim
264 2352 381 2399 adnabam
390 2358 473 2410 terrae3
485 2349 535 2414 jam
546 2359 598 2398 tuta
608 2351 729 2411 tenebam

128 2419 163 2466 Ni
173 2433 230 2481 gens
240 2416 342 2466 crudelis
352 2415 445 2464 madidl
455 2431 509 2463 cum
519 2423 583 2464 veste
593 2423 722 2478 gravatum,
750 2420 798 2466 359

129 2483 327 2544 Prensantemque
337 2481 404 2530 uncis
414 2481 521 2527 manibus
532 2481 610 2542 capita
617 2493 700 2541 aspera
707 2481 799 2538 montis,

124 2547 200 2595 freto
210 2547 338 2602 invasisset,
349 2545 500 2611 predamque
510 2544 592 2607 ignara
602 2544 710 2606 putisset
