1898 2934
323 103 483 154 AENEIDOS
501 103 558 155 Lm.
570 105 608 156 11.
759 103 811 156 138

130 227 157 277 N
159 242 197 274 sm
207 225 270 291 quod
281 224 403 276 consilium
414 233 456 274 aut
466 241 518 290 qne
525 227 577 292 jam
585 227 681 276 fortune
691 228 805 278 debetur?

130 291 207 340 Mene
218 291 302 340 efferre
313 292 406 355 pedem,
417 291 516 354 genitor,
526 301 551 340 te
562 307 629 355 posse
639 293 721 340 relicto

132 356 250 420 Speristi?
266 365 404 420 tentumque
415 356 481 404 nefas
493 356 569 420 patrio
580 357 668 406 excidit
678 359 734 406 ore?

131 421 157 468 Si
168 421 226 469 nihil
237 436 267 470 ex
277 422 343 469 tanti
354 421 451 486 Superis
461 421 539 486 placet
550 421 607 469 urbe
616 423 722 488 relinqui.
755 427 803 474 659

131 485 164 534 Et
175 488 241 534 sedet
252 488 296 534 hoc
307 485 393 540 enimc,
404 485 560 549 perituraeque
570 487 657 535 rddere
666 489 745 554 TroJae

129 551 210 616 Teque
221 560 319 616 tuosque
326 552 411 616 juvnt;
428 558 493 614 petet
503 550 541 598 isti
547 550 690 614 jenueiet03

128 615 230 680 Jamque
241 617 317 665 ederit
328 616 401 664 multo
412 615 500 663 Priami
511 617 541 664 de
552 617 665 678 sunguine
676 617 791 681 Pyrrhus,
806 659 808 666 ,

128 680 155 729 N
157 691 221 730 etum
235 689 291 730 ente
309 697 351 730 ore
370 680 451 745 petris,
466 688 558 745 petrem
572 681 613 745 qui
630 682 754 731 obtruncat
770 685 800 732 ed

225 761 284 794 erus.

129 808 184 858 Hoc
194 821 252 866 erut,
263 812 324 859 elme
335 825 428 875 parens,
439 810 502 874 quod
513 825 551 858 me
562 824 606 873 per
613 809 669 864 tela,
676 825 720 874 per
727 811 809 874 ignes„

128 872 215 938 Eripis,
227 885 252 924 ut
263 876 346 924 inediis
357 877 446 924 hostem
453 875 478 922 in
488 874 735 939 penetralibnsrutque
752 881 799 927 665

93 981 96 989 .
126 939 263 995 Ascanium,
275 949 411 1006 patremque
422 956 507 995 meum,
514 939 630 1004 juxtsque
641 939 761 994 Creiisem,

128 1002 237 1053 Alterum
247 1007 273 1053 in
284 1005 378 1054 citerius
389 1013 502 1054 mactatos
513 1005 633 1068 sanguine,
645 1007 756 1052 cernam?

129 1067 210 1124 Arma,
222 1071 274 1125 viri,
285 1071 344 1119 ferte
355 1086 433 1118 orme:
450 1077 519 1118 vocet
530 1069 570 1118 iux
582 1069 664 1118 ultime
674 1071 755 1117 victos

129 1131 235 1182 Reddite
245 1150 282 1182 me
294 1135 398 1196 Densis;
414 1135 483 1184 sinite
493 1135 622 1183 instaurate
632 1135 730 1182 revisum
752 1138 800 1184 669

130 1193 223 1246 Prelie
251 1198 387 1262 Numquam
397 1215 477 1251 omnes
487 1201 558 1248 hodie
568 1199 693 1248 moriemur
703 1200 779 1247 inuiti.

164 1260 228 1308 Hinc
239 1261 300 1309 ferro
311 1263 422 1326 adcingor
433 1281 518 1321 rursus.
529 1266 653 1329 clipeoque
662 1264 778 1313 sinistram

130 1322 278 1374 Insertubem
289 1336 380 1390 optans,
391 1343 473 1392 meque
483 1340 551 1379 extre
560 1338 623 1380 tecte
633 1331 745 1379 ferebam.
802 1325 805 1332 ’

129 1387 194 1437 Ecce
204 1399 283 1439 eutem
293 1393 408 1456 conplexu
417 1395 489 1457 pedes
498 1396 523 1443 in
533 1395 614 1444 limine
623 1395 728 1460 conjunx

129 1453 250 1511 Hierebet
260 1473 406 1526 parvumque
415 1460 478 1523 petri
488 1461 600 1509 tendebat
612 1460 705 1510 iulum:
801 1483 806 1498 ¹

129 1517 154 1566 si
165 1521 282 1583 periturus
291 1523 348 1579 abis,
360 1532 384 1572 et
395 1539 437 1572 nos
447 1541 503 1590 repe
514 1526 539 1572 in
550 1525 629 1574 omnia
638 1537 732 1587 tecum;
752 1529 799 1578 675

129 1581 171 1634 sin
182 1586 283 1651 ediquem
293 1598 404 1652 expertus
414 1591 495 1638 sumtis
505 1606 570 1654 spem
581 1592 649 1654 ponis
659 1592 684 1638 in
696 1592 772 1648 armis,

128 1648 199 1698 Hanc
209 1651 309 1716 primiim
320 1662 397 1704 tutare
407 1655 510 1703 domum.
539 1654 586 1703 Cui
596 1671 682 1717 parvus
693 1657 768 1710 Iulus,

128 1713 179 1764 Cui.
186 1725 260 1778 peter,
271 1727 295 1766 et
305 1719 410 1783 conjunx
420 1720 539 1782 quondam
547 1727 589 1764 tue
596 1719 661 1766 dicte
668 1720 800 1782 relinquor?

159 1779 226 1828 Telis
235 1783 367 1832 vocitemus
377 1785 465 1846 gemitu
476 1791 564 1830 tectum
575 1796 644 1828 omne
654 1782 772 1844 replebat3

126 1841 207 1902 Quum
217 1846 320 1896 subitum
330 1848 441 1910 dictuque
452 1847 526 1894 oritur
537 1843 642 1892 mirabile
653 1853 787 1896 monstrum.
799 1882 801 1886 .

127 1908 191 1957 Nem
207 1927 237 1958 ue
248 1927 331 1960 munus
340 1912 410 1966 iuter,
421 1918 599 1972 maestorumque
610 1925 651 1957 ore
662 1919 793 1974 parentum,

127 1926 259 2022 Ecceievis
270 1991 359 2023 summo
367 1977 399 2024 de
408 1975 497 2024 vertice
505 1974 567 2022 risus
576 1973 623 2022 luti
751 1984 805 2030 682.

127 2035 239 2085 Fundere
249 2039 328 2087 iumen
339 2055 408 2103 apex,
418 2047 529 2103 tectoque
538 2039 635 2088 innoxie
645 2039 719 2089 moiiis

126 2100 244 2150 Lambere
254 2103 349 2151 flemme
358 2119 444 2158 mnes,
454 2112 479 2152 et
489 2103 577 2152 circum
587 2112 693 2168 tempora
703 2110 774 2170 pasci.

117 2201 118 2206 ,
127 2165 153 2214 N
154 2183 180 2216 os
191 2167 272 2231 pavidi
283 2168 402 2230 trepidare
412 2177 484 2224 metu,
494 2169 628 2233 crinemque
640 2172 777 2234 flagrantem

127 2230 254 2288 Excutere,
265 2241 290 2282 ct
300 2241 392 2282 sandes
398 2234 541 2298 restinguere
549 2235 653 2282 fontibus
661 2237 734 2300 ignes.
751 2243 800 2288 686

127 2294 161 2344 At
172 2308 239 2362 peter
248 2298 365 2347 Anchises
375 2298 454 2348 oculos
464 2301 495 2348 ed
506 2300 582 2348 sidera
593 2300 659 2348 letus

127 2359 227 2418 Extulit,
237 2373 262 2412 et
273 2364 331 2413 coelo
343 2364 431 2428 palmes
442 2381 496 2414 cum
506 2381 564 2414 voce
576 2365 691 2412 tetendit:

127 2425 143 2474 J
145 2429 238 2491 uppiter
246 2429 403 2494 omnipotens,
414 2431 522 2494 precibus
533 2431 552 2478 si
563 2429 663 2477 flecteris
675 2426 735 2481 uilis,
751 2434 800 2480 689

127 2488 477 2624 &dirime
493 2494 564 2624 {tt
571 2494 791 2606 midaii?

388 2593 396 2618 r
474 2593 482 2617 s
791 2593 798 2608 ·

591 2635 609 2667 tt
