1882 2924
150 107 201 156 ³64
337 99 501 162 AENEIDOS
517 101 574 150 Lta.
586 101 647 152 ΧΠ.

151 225 227 274 Haud
238 225 305 274 aliter
310 223 371 274 Tros
379 225 465 274 AEneaa
474 234 499 274 et
506 225 616 274 Daunius
625 226 694 273 herus

151 289 304 358 Concurrunt
313 290 402 354 clipeis.
435 290 524 354 Ingens
534 290 612 354 fragor
622 290 710 338 ethere
720 290 832 354 conplet.

148 356 263 421 Juppiter
270 357 319 420 ipse
330 357 391 404 duas
401 365 492 417 tequato
502 357 608 403 examine
615 356 693 404 lances
776 359 832 406 ⁷25

152 419 265 477 Sustinet,
276 429 300 470 et
310 420 360 468 feta
371 421 462 485 inponit
473 419 564 468 diversa
571 421 686 481 duorum3

152 485 231 544 Quem
243 489 338 534 damnet
349 486 421 542 labor,
435 493 459 532 et
469 501 515 547 quo
522 495 602 548 vergat
613 487 717 549 pondere
726 485 812 544 letum.

154 551 249 600 Emicat
260 551 305 604 hic,
315 549 407 614 inpune
417 557 510 614 putens,
521 557 545 597 et
553 565 650 614 corpore
660 558 710 598 totu

151 615 208 664 Alte
219 617 334 664 sublatum
344 617 463 679 consurgit
471 617 564 664 Turnus
573 616 598 662 ln
609 631 696 671 ensem,

153 680 185 728 Et
195 682 257 730 ferit.
291 681 430 730 Exclamant
440 682 512 730 Trois
522 681 654 745 trepidique
664 680 752 734 Latini,
777 685 831 732 ⁷30

152 744 310 809 Adrectaeque
321 749 441 796 amborum
452 747 520 796 acies.
553 745 587 792 At
598 746 700 808 perfidus
710 747 774 795 ensis

154 809 287 875 Frangitur,
298 812 322 858 in
335 814 458 876 medioque
470 813 590 860 ardentem
601 811 688 859 deterit
697 811 745 859 ictu
751 830 760 872 ;

153 873 178 922 N
180 875 188 922 i
199 878 256 940 iuge
266 876 370 925 subsidio
381 879 469 926 subeat.
502 876 571 939 Fugit
581 875 644 923 ocior
655 877 727 930 Euro,

153 940 187 988 Ut
194 943 304 1006 capulum
314 942 419 1003 ignotum
427 943 581 1005 dextramque
589 941 696 1004 udspexit
701 941 827 992 inermem.

154 1005 228 1053 Fama
238 1015 280 1062 est,
292 1006 444 1070 precipitem,
455 1022 508 1054 cum
520 1006 595 1070 primu
605 1004 630 1052 in
642 1005 723 1068 proella
728 1006 830 1070 junctos

154 1068 335 1120 conscendebat
345 1087 424 1135 equos,
435 1071 512 1134 patrio
523 1085 634 1118 mucrone
644 1070 733 1125 relicto,
776 1075 830 1122 7³6

154 1134 220 1182 Dum
231 1135 341 1197 trepidat,
352 1137 440 1184 ferrum
450 1135 537 1199 aurige
549 1135 652 1198 rapuisse
663 1135 775 1197 Metisci;

154 1199 231 1264 quue
242 1202 291 1254 diu,
303 1201 360 1250 dum
370 1210 437 1264 terga
446 1201 536 1248 dabunt
546 1199 650 1263 palantia
660 1199 752 1255 Teucri,

155 1263 268 1315 suffecit:
286 1274 408 1330 postquem
418 1280 483 1314 arma
494 1265 541 1314 Dei
553 1265 583 1311 ad
594 1263 710 1314 Volcania
720 1273 829 1324 ventum,

154 1328 363 1385 monstrumne,
374 1329 458 1394 glacies
469 1346 512 1378 ceu
524 1329 605 1384 sutilis,
614 1328 664 1377 ictu
776 1335 829 1381 tto

155 1394 263 1444 Dissiluit
271 1415 279 1456 ;
294 1396 359 1444 fulvi
370 1395 521 1459 resplendent
530 1393 646 1457 fragmine
656 1394 733 1442 amnt

154 1459 219 1521 Ergo
230 1476 310 1508 amens
318 1460 410 1508 diversa
421 1461 474 1522 fugi
486 1461 545 1523 petit
554 1473 648 1522 equora
654 1459 748 1508 Turnus
754 1477 762 1521 ;

155 1524 189 1571 Et
199 1539 262 1572 nunc
274 1528 328 1580 huc,
341 1526 398 1572 iude
408 1526 454 1571 huc
465 1524 567 1572 incertos
576 1524 675 1587 inplicat
685 1525 760 1573 orbes.

154 1590 266 1654 Undiqm
277 1589 340 1637 enim
351 1588 514 1636 denslTeucri
524 1588 639 1636 inclusere
649 1589 749 1649 coroni3
776 1593 827 1640 ⁷44
924 1599 925 1606 ’

155 1653 235 1718 Atque
246 1656 301 1702 hiric
312 1661 377 1702 vestu
389 1652 463 1716 palus,
473 1652 529 1700 hinc
540 1652 614 1700 ardua
624 1654 711 1702 moeuia
721 1654 742 1701 c'
808 1664 827 1704 t.

189 1724 243 1772 Nec
253 1723 330 1771 minus
338 1719 431 1775 AEneas,
440 1732 580 1783 quamquam
590 1717 684 1764 tardata
693 1719 763 1782 sagitt

155 1787 280 1839 Interdum
292 1803 369 1851 genua
379 1785 511 1848 inpediunt,
522 1797 575 1832 curs
630 1797 661 1829 ue
671 1791 789 1840 recusant,

156 1854 299 1918 Insequitur,
310 1851 442 1915 trepidique
453 1848 537 1913 pedem
548 1847 609 1912 pede
627 1846 722 1896 ervidus
731 1857 827 1913 urguet:

156 1919 278 1966 Inclusum
288 1918 360 1965 veluti
373 1917 393 1962 si
404 1915 498 1978 qnando
509 1913 605 1962 flumine
615 1920 698 1961 nactus

155 1984 267 2038 Certum,
278 1990 319 2032 aut
326 1981 432 2046 puniceae
441 1987 534 2041 septum
541 1976 664 2026 formidine
673 1993 765 2041 penna,
777 1981 827 2030 750

155 2048 263 2096 Venator
273 2062 342 2096 cursu
353 2045 417 2094 canis
426 2052 452 2092 et
462 2044 583 2092 latratibus
592 2041 680 2102 instet;
856 2066 863 2074 -

156 2115 202 2166 Ille
213 2121 298 2167 autem,
313 2111 402 2160 insidiis
412 2116 437 2156 et
448 2109 497 2172 ripl
508 2109 602 2168 territus
612 2107 666 2160 atu,

155 2180 225 2227 Mille
236 2179 295 2242 fugit
306 2175 438 2238 refugitque
448 2174 511 2220 vias:
528 2181 553 2221 at
562 2171 654 2219 vividus
663 2169 754 2220 Umber

155 2246 237 2294 Haeret
249 2245 323 2296 hians,
335 2241 386 2304 jam
393 2239 490 2302 jamque
500 2245 574 2292 tenet,
584 2236 710 2298 similisque
719 2235 810 2283 tenenti

156 2309 279 2371 Increpuit
290 2305 362 2359 malis,
373 2317 496 2366 morsuque
507 2303 585 2351 elusus
595 2300 660 2348 inani
670 2305 712 2346 est.
777 2302 826 2350 755

154 2375 214 2424 Tum
223 2389 279 2422 vero
289 2370 393 2420 exoritur
402 2366 501 2425 clam0r3
517 2368 620 2431 ripeque
629 2365 738 2425 lucusque

155 2439 306 2502 Responsant
316 2437 386 2488 circa,
397 2440 421 2478 et
432 2432 516 2480 coelum
528 2438 594 2479 tonat
604 2441 672 2477 omne
681 2425 791 2474 tumultu.

96 2495 101 2512 ⁸
153 2502 198 2550 Ille
209 2501 276 2549 simul
287 2500 387 2562 fugiens,
398 2495 499 2544 Rutulos
510 2495 579 2544 simul
589 2494 693 2554 increpat
703 2506 792 2547 omnes,

153 2553 820 2630 Nominequenquevocmotumqueefflegiutenen.
