1894 2932
130 483 133 494 ,
237 397 278 470 Ρ,
298 393 498 469 vlnerum
519 397 737 472 Mnnoms
809 451 815 468 ,

197 533 200 546 '
272 664 276 674 Ι
375 566 599 634 muninus

323 733 448 788 LIBER
469 737 653 796 QUINTUS.

152 1015 275 1064 {uranu
287 1015 391 1063 madium
403 1016 549 1080 AEmcaajam
557 1015 736 1064 danem
752 1005 754 1014 ’

153 1080 239 1130 Certus
249 1081 301 1134 iter,
312 1081 442 1144 fluctusque
453 1088 514 1128 atros
525 1081 634 1145 aquilone
642 1080 742 1136 secabat,

153 1145 246 1192 Moenia
255 1143 390 1208 respiciens,
400 1159 453 1210 qum
461 1145 511 1209 jam
522 1145 622 1193 infelicis
632 1145 713 1192 Elissae

154 1210 286 1260 Conlucent
297 1209 402 1258 flammis.
420 1209 479 1266 Quae
489 1217 581 1258 tantum
591 1211 730 1258 adcenderit
740 1209 826 1274 ignem,

154 1275 244 1324 Caussa
253 1273 323 1321 latet:
340 1274 393 1322 duri
404 1290 489 1338 magno
499 1277 540 1323 sed
551 1290 629 1323 amore
640 1275 731 1328 dolores
811 1279 827 1326 5

154 1340 255 1394 Polluto,
266 1345 400 1402 notumque,
411 1340 492 1387 furens
500 1340 557 1404 quid
570 1340 657 1388 femina
667 1340 747 1403 possit,

153 1405 231 1452 Triste
241 1417 284 1466 per
293 1402 416 1465 augurium
426 1403 570 1452 Teucrorum
581 1412 676 1467 pectora
687 1405 783 1451 ducunt.

154 1470 189 1518 Ut
200 1467 296 1531 pelagus
306 1473 402 1513 tenuere
413 1476 482 1522 rates,
492 1483 536 1516 nec
544 1468 595 1531 jam
605 1466 705 1531 amplius
716 1467 764 1514 ulla

154 1530 266 1580 Occurrit
274 1529 358 1589 tellos;
373 1529 447 1576 maria
456 1531 568 1594 undique,
578 1538 603 1578 et
613 1531 717 1594 undique
728 1530 828 1595 coelum3

155 1595 204 1645 Olli
215 1591 328 1642 caeruleus
339 1607 410 1656 supra
420 1602 492 1657 eaput
502 1594 592 1642 adstitit
600 1593 683 1650 imber,
796 1603 828 1646 10

154 1661 256 1709 Noctem
267 1657 414 1721 hiememque
423 1658 500 1706 ferens
507 1678 515 1720 ;
531 1665 556 1706 et
565 1659 681 1708 inhorruit
689 1660 825 1712 undateue-

251 1723 305 1774 bris.

155 1790 211 1854 Ipse
223 1789 364 1853 gubernator
374 1787 450 1851 puppi
460 1786 586 1836 Palinurus
597 1787 627 1834 ab
638 1786 698 1836 altit:

156 1855 225 1903 Heu!
243 1853 352 1917 quianam
363 1853 421 1900 tanti
433 1853 557 1902 cinxerunt
568 1855 657 1901 aethera
666 1853 757 1903 nimbi?

156 1920 259 1977 Quidve,
270 1925 337 1981 pater
346 1917 467 1981 Neptune,
478 1919 560 1982 paras?
578 1917 616 1966 Sic
627 1917 714 1968 deinde
726 1920 816 1968 locutus

155 1983 280 2045 conligere
290 1997 355 2029 arma
360 1981 437 2045 jubet,
448 1983 577 2047 validisque
587 1983 723 2032 incumbere
733 1985 816 2045 remis3

156 2047 314 2111 Obliquatque
323 2048 387 2094 sinus
397 2046 536 2104 inventum,
547 2065 574 2096 sc
584 2048 641 2097 talia
651 2049 727 2096 satur:
795 2055 826 2099 16

156 2111 310 2175 Magnanime
320 2109 403 2166 AEnes,
414 2127 469 2167 non,
481 2113 500 2161 si
511 2113 568 2160 mihi
577 2115 592 2163 J
594 2113 688 2178 uppiter
699 2120 780 2160 auctor

157 2176 284 2242 spondeat,
295 2175 339 2221 hoe
349 2190 440 2238 sperem
450 2177 543 2225 Italiam
553 2178 687 2242 contingere
698 2177 762 2225 coelo.

157 2242 247 2290 Mutati
256 2251 387 2287 transversa
397 2241 508 2296 fremunt,
519 2250 543 2290 et
554 2258 650 2306 vespere
662 2242 691 2288 ab
702 2248 752 2288 atro

157 2307 309 2369 Consurgunt
319 2305 391 2359 venti,
402 2313 471 2369 atque
482 2306 507 2353 in
518 2307 605 2354 nubem
614 2306 704 2369 cogitur
715 2305 762 2352 aiir.
796 2309 826 2354 20

158 2373 212 2422 Nec
223 2385 265 2420 nos
275 2369 349 2418 obniti
360 2377 448 2423 contra,
459 2385 504 2418 neo
515 2372 612 2420 tendere
622 2377 713 2418 tantum

159 2437 296 2486 Sufficimus.
322 2433 422 2498 Superat
432 2435 542 2498 quoniam
553 2435 664 2490 Fortuna,
674 2449 805 2498 sequamur,

159 2503 259 2566 Quoque
270 2508 345 2555 vocat,
355 2507 469 2547 vertamus
480 2498 530 2546 iter.
560 2499 612 2547 Nec
623 2499 692 2547 litora
701 2498 770 2562 longe

159 2565 219 2614 Fida
229 2582 281 2615 reor
292 2567 396 2614 fraterna
404 2563 496 2629 Erycis,
507 2571 633 2627 portusque
645 2563 755 2628 Sicanos5

160 2629 185 2680 si
195 2633 265 2680 modo
275 2631 320 2680 rite
330 2645 417 2680 memor
428 2636 519 2679 servata
530 2629 638 2680 remetior
649 2637 717 2678 astra.
798 2631 826 2679 25
