1878 2930
276 130 495 184 lGEORGICON
513 132 570 182 Lm.
582 131 618 182 11.
759 137 790 184 51

114 253 240 306 Laudibus
252 253 327 304 Iulia
338 261 442 316 certent;
458 270 506 303 nun
517 255 611 310 Bactra,
623 270 700 321 neque
710 255 775 310 Indi,

114 321 225 385 Totaque
235 320 339 368 turiferis
349 320 471 368 Panchaia
481 320 573 385 pinguis
584 321 666 370 areuia

116 386 179 438 Haec
190 385 243 434 luca
252 401 301 434 nun
311 386 372 433 tauri
382 385 498 450 spirantes
508 386 601 434 naribus
612 386 691 450 iguem
743 389 792 434 140

116 451 250 506 Iuvertcre,
261 451 316 499 satis
326 451 427 498 inmanis
437 449 547 498 dentibus
556 452 641 515 hydri,

117 515 174 565 Nec
185 515 257 578 galeis
268 515 392 580 densisque
401 513 479 563 virtim
489 529 554 578 seges
564 516 655 564 horruit
664 515 751 564 hastis:

118 580 167 629 Sed
178 581 283 644 gravida
294 582 372 645 fruges
381 589 406 628 et
418 579 508 628 Bacchi
519 581 634 630 Massicus
643 583 728 630 humor

118 645 262 709 Inplevere3
277 653 360 694 tenent
371 645 428 694 oleae
441 653 592 708 armentaque
602 645 662 694 leta.

118 710 186 758 Hinc
197 710 296 758 bellator
306 727 380 776 equus
390 711 474 774 campd
485 725 535 758 sese
546 711 632 758 arduus
640 712 726 772 inlert3
744 711 793 760 145

120 774 186 822 Hinc
197 775 252 832 albi,
263 775 390 830 Clitumne,
402 791 491 840 greges,
503 783 528 823 et
538 790 648 823 maxuma
657 785 738 824 taurus

119 839 233 896 Victima,
243 855 306 904 serpe
316 849 359 888 tuo
368 842 458 905 perfusi
468 839 566 888 flumina
576 855 648 895 sacru,

120 902 242 952 Romans
254 908 284 953 nd
294 906 384 970 templa
393 905 464 954 dellm
474 906 564 954 durem
575 905 712 968 triumphus.

119 968 168 1018 Hie
179 985 222 1018 ver
231 971 365 1026 adsiduum,
377 978 447 1034 atque
457 969 540 1018 alienis
550 968 669 1018 mensibus
679 975 761 1029 aestas;

119 1032 162 1082 Bis
173 1035 277 1097 gravidae
285 1035 399 1100 pecudes,
410 1034 447 1083 bis
457 1035 532 1098 pomjs
543 1033 607 1083 utilis
618 1034 694 1082 arbor.
744 1037 793 1084 150

118 1097 154 1146 At
163 1099 253 1147 rabida
264 1100 336 1164 tigres
347 1099 441 1154 absunt,
452 1107 477 1148 et
487 1115 549 1148 seva
560 1100 655 1146 leonum

119 1162 230 1226 Semina3
246 1179 292 1213 uec
302 1165 398 1214 miseros
409 1163 494 1212 fallunt
506 1164 599 1212 aconita
610 1164 728 1226 legentes3

119 1227 176 1276 Nec
187 1228 250 1292 rapit
260 1229 378 1287 inmensos
390 1229 459 1277 urbes
469 1244 512 1292 per
523 1229 628 1284 humum,
639 1243 716 1292 neque
727 1231 794 1275 tanto

120 1291 251 1356 Squameus
260 1295 285 1342 in
295 1295 383 1359 spiram
393 1300 470 1341 tractu
482 1308 506 1341 se
516 1293 613 1356 conligit
624 1292 713 1356 anguis.

119 1355 194 1404 Adde
204 1363 239 1406 tot
248 1361 353 1424 egregias
365 1359 442 1414 urbes,
454 1373 597 1422 operumque
607 1357 718 1414 laborem,
746 1359 794 1408 155

119 1421 167 1470 Tot
177 1432 287 1488 cougeua
297 1440 369 1473 mann
380 1424 505 1489 praeruptis
513 1423 602 1488 oppida
613 1423 681 1479 saxis,

119 1485 275 1554 Fluminaque
285 1491 393 1553 antiquos
403 1489 586 1538 subterlabentia
596 1504 680 1536 muros.

118 1549 160 1600 An
176 1556 329 1667 male’fflod
345 1569 425 1619 supra,
440 1569 573 1612 memorem,
590 1555 698 1620 quodque
718 1552 794 1602 adluit

214 1633 241 1667 ru

118 1679 192 1730 Anne
201 1681 266 1731 lacus
276 1683 367 1732 tantus?
383 1691 415 1738 te,
427 1682 483 1731 Lari
494 1699 609 1738 maxume,
619 1692 698 1747 teque,
746 1683 794 1731 159

101 1785 109 1798 .
118 1745 241 1795 Fluctibus
251 1755 277 1796 et
287 1749 382 1797 fremitu
393 1749 529 1811 adsurgens,
540 1749 645 1803 Benace,
656 1747 762 1795 marino?

118 1809 161 1858 An
171 1827 297 1861 memorem
308 1821 397 1878 portus,
409 1813 558 1878 Lucrinoque
571 1813 652 1859 addita
661 1812 770 1866 claustra,

117 1874 201 1940 Atque
210 1877 359 1942 indignatum
369 1878 459 1942 magnis
470 1876 607 1926 stridoribus
618 1891 705 1940 aequor,

119 1939 136 1990 J
138 1941 186 1988 ulis
195 1943 244 2006 qud
253 1951 326 2006 ponto
337 1943 406 2007 longe
418 1950 485 1990 senat
495 1943 561 1989 unda
571 1942 658 1996 refuso,

119 2005 304 2072 Tyrrhenusque
315 2008 381 2056 iretis
390 2007 517 2055 inmittitur
528 2014 598 2054 estus
608 2006 725 2055 Auernis?

120 2068 183 2118 Haec
194 2073 277 2122 eadem
288 2073 380 2138 argenti
390 2073 453 2120 rivos
463 2073 560 2136 remque
572 2071 666 2120 metalla
746 2073 795 2121 165

121 2134 234 2185 Ostendit
244 2140 317 2194 venis,
329 2145 400 2202 atque
410 2151 468 2184 auro
479 2137 580 2200 plurima
590 2137 665 2185 fluxit.

120 2199 183 2250 Haec
190 2217 265 2268 genus
273 2217 326 2251 acre
333 2202 411 2250 virbm
419 2203 520 2256 Marsos,
529 2202 661 2266 pubemque
669 2199 795 2255 Sabellum,

119 2263 301 2332 Adsuetamque
311 2267 373 2314 melu
383 2266 503 2330 Ligurem,
513 2265 657 2331 Volscosque
667 2273 769 2317 verutos,

120 2329 229 2394 Extulit5
246 2334 298 2382 brec
309 2331 405 2386 Decies,
416 2330 514 2387 Marios,
524 2345 666 2396 magnosque
677 2329 796 2381 Camillos,

121 2393 244 2460 Scipiadas
254 2398 327 2446 duros
337 2396 408 2450 bello,
417 2402 443 2443 et
452 2403 486 2451 te,
495 2411 603 2444 maxume
613 2397 700 2450 Caesar,
748 2397 796 2440 179

121 2459 171 2518 Qui
182 2477 247 2512 nuuc
257 2462 369 2510 extremis
380 2461 444 2508 Asiae
453 2461 503 2525 jam
514 2461 589 2508 victur
600 2461 625 2508 in
636 2460 682 2506 uris

121 2524 239 2576 Inbellem
251 2526 338 2575 avertis
347 2525 463 2574 Romanis
473 2525 565 2573 arcibus
576 2525 671 2571 Indum.

121 2589 200 2647 Salve,
212 2607 300 2656 magna
309 2605 395 2692 qrarens
406 2591 508 2653 frugum,
519 2587 630 2636 Saturnia
639 2585 717 2658 tellus,

121 2653 217 2721 Magna
226 2656 316 2705 virum.
334 2655 379 2704 tibi
389 2671 427 2704 res
437 2654 539 2718 antique
549 2651 627 2700 laudis
637 2657 661 2696 et
671 2655 727 2694 artu
