1898 2934
332 115 497 172 AENEIDOS
513 123 569 174 Lu.
582 121 605 174 1.
745 113 756 124 ”
777 135 810 184 oo

121 247 184 296 Huc
195 251 287 310 septem
298 243 388 292 AEness
398 245 510 294 coniectis
521 247 620 297 neribus
629 249 694 298 omni
759 257 807 302 170

122 311 165 360 Ex
176 322 277 360 numero
288 309 365 371 subit;
383 325 418 366 eo,
429 325 515 374 magno
525 311 615 361 telluris
626 329 705 364 umore

122 376 230 442 Egressi,
242 375 324 488 opgtb
335 375 459 438 potiuntur
468 375 541 425 Trois
551 379 631 435 areni,

121 439 159 490 Et
169 441 219 490 sele
229 449 255 488 ts
302 447 337 488 tes
349 447 412 488 artus
422 441 448 487 in
459 439 526 488 litore
537 454 636 506 ponunt.

120 505 162 554 Ac
175 507 278 571 primum
290 504 348 552 silici
359 505 482 554 scintillam
493 507 590 555 excudit
598 509 710 566 Achates,

122 571 282 636 Suscepitque
293 570 372 633 ignem
383 570 452 626 soliis,
463 577 534 636 etque
545 573 611 620 aride
622 574 709 623 mum
758 577 806 626 1⁷5

122 636 283 684 Nutriments
293 635 368 691 dedit,
379 636 504 700 rapuitque
515 637 541 682 iu
552 637 633 686 fomite
643 640 767 689 flammam.

120 701 184 750 Tum
198 701 309 750 Cererem
321 710 460 765 corruptam
472 699 542 748 undis
552 701 706 766 Cerealiaque
717 721 782 754 arms

121 763 266 830 Expediont
276 764 331 813 fessi
341 779 420 814 rerum
426 783 434 828 5
450 766 575 831 frugesque
586 775 693 832 receptas

122 830 158 880 Et
168 839 259 880 torrere
270 839 355 895 parent
365 830 466 879 flammis
476 838 501 879 et
511 831 621 895 frangere
633 847 696 880 sexo.
756 839 805 886 1⁷9

157 897 250 945 AEnees
261 895 383 960 scopulum
394 896 485 944 interea
496 897 642 952 conscendit,
653 904 678 944 et
688 910 782 958 omnem

121 961 281 1026 Prospectum
291 960 340 1010 lete
349 961 433 1026 pelago
486 961 520 1024 ‘t;
535 961 634 1010 Anthes
644 961 745 1025 siquem

122 1027 141 1077 J
142 1034 247 1075 aetatum
257 1033 328 1074 vento
339 1027 429 1083 videet,
462 1027 604 1093 hrygiosque
615 1027 724 1081 biremes,

122 1089 176 1140 Aut
187 1091 282 1158 Capyn,
295 1098 337 1139 eut
347 1090 414 1140 celsis
424 1091 450 1138 in
461 1092 582 1156 puppibus
593 1107 659 1140 etms
669 1090 744 1140 cuci.

122 1155 219 1205 Navem
230 1157 256 1204 iu
267 1164 396 1220 conspecto
406 1156 510 1218 nulium3
526 1164 575 1205 tres
586 1157 654 1205 litore
665 1169 747 1206 certos

121 1220 241 1286 Prospioit
249 1229 355 1270 errantes
359 1239 368 1283 ;
378 1222 421 1269 hos
432 1227 483 1268 tots
493 1229 600 1270 umente
610 1228 741 1285 sequuntur
757 1223 805 1274 185

121 1283 147 1334 A
157 1291 232 1364 tergo,
243 1294 269 1335 et
279 1286 375 1352 longum
386 1300 431 1350 per
440 1286 514 1333 velles
524 1287 629 1350 pasoitur
640 1301 732 1350 agmen.

122 1349 236 1400 Constitit
246 1350 294 1407 hic,
304 1366 432 1415 arcumque
442 1365 515 1399 menn
526 1350 659 1416 celeresque
670 1350 766 1415 sagittas

121 1414 249 1481 Conripuit
256 1434 264 1478 ;
280 1417 341 1466 fidus
352 1431 404 1480 qum
416 1415 464 1464 teis
475 1415 573 1480 gerebat
580 1414 685 1465 Achates
692 1433 700 1478 ς

121 1481 286 1548 Ductoresque
297 1482 359 1547 ipsos
369 1481 480 1546 primum,
490 1481 571 1546 cupito
579 1481 627 1530 aits
635 1483 738 1531 ferentes
754 1485 802 1534 1⁸9

123 1545 241 1596 Cornibus
252 1548 363 1604 arboreis,
374 1547 472 1609 sternit;
487 1555 539 1595 tum
549 1547 631 1612 volgus
637 1565 645 1610 3
661 1554 686 1596 et
696 1563 790 1596 omnem

123 1609 211 1661 Miscet
222 1627 293 1678 egens
303 1613 356 1661 telis
366 1627 463 1661 nemore
473 1612 536 1660 inter
546 1613 647 1661 frondes
657 1614 758 1662 turbem.

123 1674 176 1724 Nee
188 1677 253 1742 prius
264 1677 362 1733 absistit,
372 1678 444 1742 quim
455 1684 546 1741 septem
556 1677 663 1741 ingentia
672 1679 750 1726 victor

122 1739 228 1806 corpora
245 1744 331 1792 fundet
350 1743 423 1799 humi,
441 1747 467 1790 et
484 1756 608 1790 numerum
628 1757 682 1790 oum
701 1741 802 1790 navibus

256 1816 303 1856 uet.

123 1869 187 1919 Hinc
197 1825 291 1936 poaerqum
303 1871 370 1937 petit,
382 1877 407 1920 et
418 1870 492 1919 socios
503 1869 604 1933 partitur
614 1867 640 1916 in
652 1883 740 1918 omnes.

122 1934 187 1984 vina
198 1937 273 1986 bonum
284 1953 336 2003 quae
348 1937 435 1986 deinde
447 1935 512 1984 codis
523 1935 630 1982 oneriret
638 1933 736 1983 Acestes
753 1937 801 1987 195

123 1998 203 2050 Litore
213 2001 336 2051 Trinacrio
347 2003 492 2066 dederetque
504 1999 645 2047 abeuntibus
656 2000 733 2057 heros,
787 2029 795 2048 .

123 2063 223 2124 Dividit,
234 2074 258 2115 et
269 2068 338 2115 dietis
348 2066 470 2115 merentia
480 2073 576 2129 pecttm
586 2065 687 2113 mulcet:

154 2130 176 2180 0
189 2132 253 2189 sooii,
264 2132 355 2196 (neque
365 2131 445 2180 enimi
479 2130 514 2177 ari
522 2139 601 2178 sumus
609 2137 664 2178 aute
672 2127 801 2192 melorum)

123 2193 144 2243 0
156 2197 217 2260 pessi
228 2197 336 2264 graviore
343 2214 351 2256 ;
370 2197 437 2244 debit
473 2210 515 2242 eos
525 2195 562 2242 his
572 2205 665 2259 quoque
676 2196 755 2242 finem.

123 2259 170 2308 Vot
180 2270 204 2310 et
215 2262 340 2328 Seyilaeam
350 2261 439 2308 rabiem
450 2259 591 2324 penitusque
602 2267 712 2308 sonantes
750 2261 799 2308 ²00

122 2323 229 2375 Adsistit
241 2326 361 2392 scopulos;
377 2341 419 2373 vos
430 2333 454 2374 et
464 2324 581 2390 Cyclopis
591 2341 648 2373 sexu
783 2373 785 2377 ,

123 2387 226 2456 Experti.
256 2393 378 2442 Revocete
388 2390 485 2445 uuimos,
495 2397 648 2453 moestumque
659 2387 767 2434 timorem

122 2453 217 2506 Mittite.
247 2457 335 2505 Porsen
346 2463 370 2504 et
381 2457 432 2504 haec
443 2454 499 2502 oiim
510 2454 643 2501 meminisse
650 2450 753 2516 juvebit.

123 2517 169 2566 Per
179 2521 255 2568 varios
266 2537 341 2576 casus,
352 2535 395 2584 per
405 2525 440 2567 tot
451 2518 587 2566 discrimina
598 2528 684 2568 rerum,

123 2581 249 2632 Tendimus
259 2585 284 2633 in
297 2585 399 2639 Latium,
411 2584 478 2632 sedes
490 2581 530 2628 ubi
541 2582 590 2628 iste
600 2579 691 2643 quietes
751 2582 799 2629 205

125 2647 275 2697 Ostenduut:
291 2647 339 2697 illic
349 2649 386 2696 ius
397 2662 471 2710 regne
482 2658 603 2708 resurgere
612 2643 698 2706 Trojae.
